2790 4948
280 451 361 530 rs4=
528 427 543 444 '¹
705 443 891 549 Ino-nnn
958 413 1001 470 ·'

249 717 257 727 ι
280 612 497 712 Vulneribus,
526 622 564 699 et¹
585 637 747 700 continuit
771 621 1072 718 imperium'metu.

279 745 389 808 Armis
415 741 543 822 fideque
568 739 680 800 militis
714 751 802 799 tutus
829 739 903 829 fuit,

279 847 408 908 Pietate
432 845 501 904 nati
527 843 629 904 lactus
657 839 774 903 eximii
800 841 909 915 deus,'
1115 897 1130 912 ,
1192 903 1195 910 ,
1254 853 1324 924 530

179 999 182 1008 Δ
279 951 360 1014 Post
385 949 453 1007 fata
479 959 679 1007 consecratus
707 957 739 1005 et
764 945 892 1025 templis
919 943 1018 1005 datus.
1039 935 1044 942 ⁸

237 1091 241 1102 ·
280 1053 348 1115 Nos
375 1049 504 1132 qnoque
529 1047 708 1110 manebunt
733 1061 832 1120 astra,
869 1049 895 1106 si
923 1067 1015 1107 saevo
1042 1047 1134 1127 prior

215 1169 218 1176 '
280 1157 369 1218 Ense
396 1153 572 1232 occuparo,
600 1147 756 1233 quidquid
780 1149 943 1210 infestum·
964 1162 1015 1209 est·
1036 1151 1131 1225 mihi,

278 1255 455 1338 Digndque
480 1269 624 1316 nostram
649 1253 761 1313 sobole
786 1251 924 1314 lundiro
952 1249 1098 1314 domum.

280 1379 354 1423 seu.
382 1357 534 1439 Implebit
558 1357 667 1417 aulam
692 1357 790 1437 stirpe
816 1347 951 1417 coelesti
974 1369 1065 1416 tuam
1251 1365 1320 1434 535

249 1505 253 1517 «
279 1464 445 1524 Generata
470 1445 559 1535 divo,
597 1457 751 1520 Claudiae
778 1461 881 1540 gentis
907 1459 1012 1534 decus,
1214 1457 1218 1463 ’

280 1562 401 1628 sortita
427 1565 550 1637 fratris,
577 1581 670 1632 more
697 1559 851 1634 iunonis,
879 1575 979 1623 toros.

278 1689 384 1733 neno.
412 1666 539 1728 Incesta
569 1667 708 1747 genitrix
742 1664 883 1726 detrahit
909 1667 1021 1746 generi
1045 1663 1156 1738 fidem,

275 1774 480 1850 Animosque
504 1783 671 1850 nunquam
696 1769 842 1850 conjugis
868 1769 996 1846 junctus
1021 1769 1113 1830 mihi.

277 1895 351 1938 suu.
380 1873 517 1934 Teneris
542 1875 579 1934 in
604 1873 695 1933 annis
727 1871 815 1932 haud
840 1873 915 1932 satis
942 1871 1027 1932 clara
1053 1885 1101 1932 est
1127 1869 1220 1945 fides,
1248 1883 1318 1949 540
1370 1849 1371 1864 ἵ

274 1977 408 2041 Pudore
433 1979 535 2037 victus
562 1989 637 2036 cum
661 1977 744 2056 tegit
774 1971 919 2036 flammat
944 1994 1044 2036 amor.
1078 1995 1085 2008 ¹

276 2101 382 2143 nano.
409 2079 483 2141 Hoc
509 2077 660 2160 equidem
687 2091 719 2138 et
739 2079 814 2159 ipse
840 2075 962 2140 credidi
988 2079 1109 2140 frustra
1134 2078 1205 2154 diu,

193 2205 200 2213 ‘
274 2182 451 2246 Manifesta
476 2183 620 2264 quamvis
646 2193 778 2262 pectore
803 2177 986 2243 insociabili

275 2285 447 2372 l'ultuque'
469 2286 560 2366 signa
583 2283 759 2366 proderent
785 2283 897 2345 odium
921 2287 1003 2352 snei;

273 2382 424 2450 Tandem
449 2387 535 2468 quod
560 2387 674 2448 ardens
700 2388 813 2446 statuit
843 2387 956 2449 ulcisci
981 2388 1084 2463 dolor,
1212 2390 1219 2403 “
1248 2400 1316 2470 545

273 2491 482 2571 Dignamque
507 2489 656 2551 thalamis
682 2490 855 2571 conjugem
880 2475 1005 2552 invenit
1029 2494 1111 2553 meis

276 2588 407 2656 Genere
432 2606 528 2674 atque
554 2593 680 2667 sormi,
722 2589 804 2654 victa
830 2595 894 2654 cui·
910 2595 1000 2655 cedat
1025 2593 1150 2668 Venus,

274 2695 424 2778 Iovisque
451 2697 586 2774 conjux,
616 2710 648 2756 et
674 2695 766 2756 ferox
789 2699 885 2758 armis
913 2697 980 2758 den.

274 2821 347 2866 snu.
376 2799 521 2872 Probitas
546 2797 690 2880 fidesque
716 2799 877 2880 conjugis,
904 2817 1030 2872 mores,
1055 2799 1174 2882 pudor,

216 2969 219 2976 ,
271 2903 427 2964 Placeant
451 2898 584 2963 marito:
612 2891 678 2963 sole
702 2916 859 2982 perpetuo
885 2915 1029 2976 manent,

274 3005 425 3083 Subjecta
449 3005 551 3080 nulli,
586 3005 706 3066 mentis
732 3018 828 3085 atque
854 3007 955 3067 animi
979 3005 1081 3076 bono;

271 3097 404 3169 Ptolem
429 3099 553 3168 decoris
577 3107 698 3188 singuli
723 3121 857 3188 carpunt
889 3109 965 3169 dies.

272 3225 377 3272 nuno.
406 3209 528 3271 Omnes
553 3211 589 3270 in
614 3227 714 3286 unam
739 3211 879 3270 contulit
903 3209 1013 3271 laudes
1039 3211 1128 3285 deus,

271 3313 452 3396 Talemque
478 3315 565 3374 nasci
589 3312 657 3374 fata
681 3311 856 3374 voluerunt
880 3310 973 3375 mihi.

270 3433 341 3478 snu.
372 3415 512 3502 Recedet
537 3427 632 3489 ate,
665 3428 790 3476 temere
815 3437 858 3476 ne
884 3416 1007 3488 credas,
1036 3437 1136 3478 amor.
1239 3431 1283 3497 55
1287 3433 1305 3498 5

271 3523 373 3582 neno.
402 3507 511 3598 Quem
532 3515 721 3579 submovere
746 3519 892 3580 fulminis
918 3519 1068 3582 dominus
1092 3520 1222 3602 nequit,

205 3687 208 3694 ,
251 3619 367 3682 *Coeli
391 3607 583 3702 tyrannum,
618 3639 711 3682 saeva
737 3623 793 3702 qui
817 3636 967 3704 penetrat
991 3623 1074 3683 heta

269 3723 419 3806 Ditisque
446 3743 562 3805 regua,
584 3723 730 3808 detrahit
757 3723 895 3805 Superos
920 3725 1018 3806 polo?

268 3832 341 3889 sms'.
356 3827 544 3887 'Volucrem
571 3847 637 3886 esse
662 3842 808 3888 amorem
832 3823 928 3908 tingit
952 3831 1115 3891 immitem
1140 3829 1242 3891 deum

167 3941 175 3957 ·
267 3919 417 3990 Mortalis
444 3949 547 4002 error,
575 3943 677 3990 armat
703 3941 736 3990 et
761 3929 833 3990 telis
857 3941 1017 4005 manus‚'
1140 3935 1147 3948 “
1232 3935 1300 4012 560

176 4115 181 4118 .
266 4031 433 4112 Arcusque
458 4051 561 4092 sacros
584 4034 717 4092 miscuit
742 4034 834 4093 saevi
860 4034 947 4102 faces

266 4132 489 4216 Genitumque
515 4133 615 4194 credit
632 4128 785 4228 pVenerQ
813 4133 958 4216 Vulcano
985 4153 1098 4202 satum.
1122 4126 1127 4132 ¹

329 4260 388 4320 tos.
406 4261 504 4346 Fores¹
515 4258 636 4331 drouque
649 4277 725 4342 sacrq
738 4261 884 4324 stimuuit
900 4263 958 4320 st.
985 4279 988 4288 <
1091 4287 1093 4292 -
1112 4267 1116 4282 ·
