2790 4948
270 350 507 456 nuncupes
522 387 748 495 ouranos·
766 385 770 396 ·
789 381 890 460 neu.
910 394 950 457 v.
1059 409 1128 476 135

90 587 287 670 Quicunque
313 603 419 646 caesos
441 587 618 667 ingemunt
643 587 732 667 gnati
756 592 898 671 patres„
1009 593 1045 645 ,1,·
1073 613 1080 625 ·
1120 569 1124 602 '

88 695 120 754 A'
142 711 198 752 me
223 689 532 771 petentsupplicia3
565 709 619 752 me
644 691 754 752 cuncti
779 685 939 769 obruent]
1023 753 1025 760 ,

88 795 124 856 Si
151 795 224 875 quis
248 793 357 854 minor
384 791 522 884 limitis,
558 803 615 854 aut
640 793 667 854 si
694 795 766 874 quis
789 795 898 855 minor

87 899 233 960 Antaeus
256 895 358 973 urbes
379 895 522 956 fervidae
547 909 648 958 terret
672 896 802 978 plagae:

88 1001 158 1081 Ego
185 995 305 1080 praeda
330 997 436 1062 ducar.
491 998 525 1060 Si
553 1002 622 1082 quis
647 999 799 1060 Ismarius
827 1019 939 1082 greges
1032 1015 1145 1082 1790·

88 1103 223 1164 Thracis
250 1104 376 1163 cruenti
401 1101 555 1163 vindicat:
589 1115 722 1184 carpent
747 1123 859 1184 greges

86 1205 164 1268 Mea
179 1205 336 1266 ,membra
363 1205 435 1266 diri.
489 1205 637 1268 Forsitan
661 1225 781 1288 poenas
806 1219 897 1289 petet

85 1309 171 1371 Irata
198 1307 216 1368 J
220 1328 303 1369 uno:
336 1320 425 1369 totus
450 1323 563 1370 uretur
588 1309 691 1372 dolor.
806 1319 809 1323 '

88 1413 206 1474 Secura
232 1414 317 1472 victo
343 1411 475 1477 tandem
500 1413 540 1473 ab
573 1413 686 1475 Alcide
711 1427 819 1484 vacst3

87 1515 200 1577 Pellex
225 1535 410 1596 supersum,
443 1517 599 1598 supplicia
625 1517 665 1578 de
691 1537 754 1598 qua
781 1520 897 1600 exigat.
981 1559 983 1568 ι
1013 1503 1127 1599 ''1J95
1233 1539 1238 1562 ·

88 1619 138 1682 Ne
163 1638 280 1700 parere
305 1637 450 1699 possem,
474 1601 564 1682 'fecit
590 1621 644 1681 hi'c
669 1633 762 1683 natus
788 1621 872 1682 mihi
987 1603 992 1610 ’

89 1721 229 1784 Uterum
255 1719 448 1785 timendum.
502 1723 595 1802 Quae
619 1737 728 1804 petam
754 1724 910 1784 Alcmene
933 1723 1026 1784 loce?

91 1824 170 1904 Quis
196 1845 252 1884 me
277 1825 384 1898 locus,
413 1845 496 1906 quae
520 1828 628 1908 regio,
663 1845 744 1908 quae
769 1825 885 1890 mundi
908 1826 1003 1908 plaga
1093 1823 1095 1834 '

90 1927 272 2002 Defendet,
308 1940 365 1988 aut
391 1948 467 2009 quas
492 1943 599 1990 mater
623 1931 660 1991 in
684 1929 821 2013 latebras
847 1947 924 2010 ngat·

91 2030 218 2114 Ubique
246 2051 305 2112 per
330 2045 363 2090 te
389 2033 488 2092 nota?
519 2032 553 2093 Si
578 2034 715 2114 petriam
737 2047 850 2120 petam
1034 2037 1129 2104 180⁰

88 2133 251 2216 Laresque
275 2135 425 2194 miseros:
452 2136 554 2216 Argos
581 2136 780 2217 Eurystheus
806 2147 908 2198 tenet.

56 2265 59 2284 ·
89 2239 204 2304 Merita
233 2237 361 2298 Thebes
386 2257 486 2317 regna
513 2251 546 2300 et
571 2238 727 2302 Ismenon
751 2253 870 2322 petam,
950 2273 952 2276 ·

90 2341 329 2422 Thalamosque
354 2354 495 2416 nostros,
522 2343 559 2402 in
585 2343 699 2424 quibus
726 2341 890 2425 quondam
916 2339 1030 2414 lovem
1122 2347 1126 2355 ⁴
1150 2350 1153 2356 ’

90 2445 217 2506 Dilecta
247 2443 328 2517 vidi,
354 2443 439 2525 proh
463 2447 561 2511 nimis
587 2446 683 2520 felix,
723 2448 831 2522 nimis,
893 2461 898 2472 ¹

91 2547 125 2610 Si
149 2529 387 2610 fulminantem
408 2561 440 2608 et
464 2551 534 2630 ipsa
558 2551 724 2610 sensissem
750 2549 887 2610 lovem?
971 2573 975 2580 ⁴
1035 2553 1155 2626 1805'

16 2655 18 2680 '
93 2651 223 2712 Utinam
249 2649 331 2711 meis
357 2652 530 2712 visceribus
557 2651 684 2712 Alcides
711 2651 797 2712 foret

91 2755 244 2816 Exemtus
270 2754 390 2843 infans!
426 2753 522 2814 Nunc
548 2754 659 2814 datum
686 2767 734 2816 est
759 2757 924 2829 miserae,¹
944 2751 1067 2826 datum,
1131 2773 1133 2776 ·

92 2857 208 2920 Videre
233 2871 348 2918 natum
372 2855 467 2918 leude
493 2869 671 2934 certantem
698 2856 786 2918 Jovi:
1116 2849 1124 2859 ’

93 2961 137 3020 Ut
163 2975 196 3022 et
220 2961 289 3022 hoc‘
309 2959 439 3021 daretur
462 2961 562 3032 scire,
597 2959 675 3040 quid
699 2959 803 3022 iatum
828 2959 914 3022 mihi
967 2979 969 2986 ⁴

91 3064 224 3146 Eripere
250 3067 369 3144 posset!
412 3064 492 3144 Quis
518 3081 646 3124 memor
679 3064 764 3125 vivet
789 3065 850 3136 tui,
927 3084 934 3105 1
969 3065 973 3078 '
1019 3065 1130 3131 ,1810

95 3167 250 3248 Opunte,
276 3165 438 3248 populus?
470 3165 586 3226 ¹Omne
611 3165 677 3244 jam
701 3168 867 3248 ingratum
894 3177 943 3227 est
968 3183 1078 3247 genus.

91 3269 204 3332 Petam
231 3269 392 3330 Cleonas?
428 3259 589 3330 Arcadum
613 3269 751 3350 populos
776 3283 896 3352 petam,

93 3369 285 3454 Meritisque
309 3385 409 3433 terras
433 3373 559 3433 nobiles
587 3391 738 3454 quaeram
763 3373 854 3434 tuis?
909 3415 911 3419 -

91 3475 154 3538 Hic
178 3477 251 3539 dira
275 3495 402 3557 serpens
429 3475 563 3544 cecidit;
601 3475 656 3536 nic
682 3477 746 3537 ales
770 3477 857 3546 lera3

91 3575 154 3641 Hic
177 3601 236 3641 rex
260 3591 428 3649 cruentum
467 3580 523 3640 hic
546 3579 603 3640 tud
629 3577 748 3640 fractus
772 3564 884 3654 manu,
1032 3579 1128 3652 1815

94 3681 160 3762 Qui
184 3669 228 3744 te*
243 3683 368 3764 sepulto
393 3683 534 3764 possidet
560 3683 705 3757 coelum,
739 3683 803 3744 leo.
962 3686 965 3692 “
1004 3671 1007 3679 “

93 3784 129 3846 Si
152 3798 241 3868 grata
264 3799 351 3846 terre
376 3799 442 3848 est:
479 3787 617 3869 populus
642 3787 821 3848 Alcmenen
846 3796 938 3845 tuam
1000 3800 1009 3812 ²

93 3885 254 3950 Defendet
281 3891 398 3954 omnis.
449 3889 603 3951 Thracias
630 3903 740 3971 gentes
773 3900 894 3970 petam,
994 3870 999 3885 ⁸

160 4017 233 4087 1795.
251 4015 339 4096 Forte
331 4015 448 4070 ·Pellex
462 4033 614 4085 supersum.
633 4015 710 4088 digna
723 4010 848 4135 supplicis
866 3995 982 4085 nnius
994 4013 1086 4086 siper

159 4107 234 4190 179&
251 4088 343 4174 Forte
361 4121 427 4190 Quis
440 4137 483 4172 nte
496 4117 573 4174 iosus
586 4133 637 4176 etc.
1076 4127 1078 4133 ’

161 4221 237 4296 1807.
253 4223 344 4282 Foru:
361 4223 580 4280 Nunedatnmin
598 4236 720 4296 tempus,
736 4227 826 4284 delum
860 4237 910 4284 tte.
975 4223 984 4234 ”
1008 4223 1011 4230 '
1105 4233 1108 4240 '
