2782 4956
245 338 358 438 savin
411 374 696 470 nannenten
711 375 772 440 na
787 343 859 438 nt's
875 375 1149 440 rassermis

131 625 136 630 .
248 577 343 632 taret.
398 565 526 646 Ulysses
540 566 576 628 in
594 563 773 626 Troadibus
793 565 995 640 etiamtum,
1023 565 1129 649 quiin
1151 552 1293 627 Hecuba

249 683 297 732 est
305 695 319 741 ,·
349 667 721 732 anteceditmntrniem
733 671 854 742 enim,
875 671 1032 750 quantum
1050 669 1141 730 locus
1154 669 1180 729 is
1202 669 1298 730 iere·

248 773 318 846 bat,
345 771 476 836 addidit.
529 769 646 833 Graeci
659 759 772 858 δριμύ
788 773 905 834 melius
926 785 960 832 et
971 761 1095 840 δόλιον
1112 769 1145 833 id
1160 784 1293 853 repant.

250 873 350 956 Quod
365 877 401 936 in
417 859 529 956 multis
550 874 601 936 illi
623 875 700 936 lncis
724 873 856 936 dederat
877 874 1057 957 Euripides.
1083 893 1087 902 “
1112 873 1297 956 Aeschylus

115 963 119 971 ¹
226 965 292 1040 ¹ob
306 967 450 1066 inditam
465 979 684 1043 auster-itatem
699 980 808 1040 minus
817 978 860 1040 td.
868 978 1103 1061 assequebatur.
1159 978 1292 1040 Consti*
1374 1059 1379 1066 .

247 1067 386 1144 tutionis
401 1099 530 1164 quoque
550 1083 634 1142 ratio
656 1093 724 1143 non
749 1077 870 1144 eadem.
926 1083 998 1144 Una
1020 1081 1124 1143 Marci
1145 1077 1296 1162 Oedipus

250 1172 596 1249 estmirtirtifictosa.
621 1183 689 1245 sola
703 1185 838 1247 enimet
857 1186 1061 1266 agnitionem
1081 1199 1114 1274 et
1135 1185 1295 1246 mutatio-
1373 1199 1375 1202 ·

249 1309 327 1352 nem
341 1284 378 1352 in
389 1281 588 1350 contrarium
606 1287 712 1350 habet.
766 1287 830 1352 Sed
841 1309 882 1351 ax
895 1287 1055 1370 Sophocle
1070 1307 1216 1370 expressa
1230 1301 1292 1350 est.

248 1391 323 1454 Hoc
335 1369 534 1476 perpetuum
545 1404 593 1452 est
607 1375 775 1473 Euripidi,
802 1407 841 1453 nt
855 1391 1002 1472 Prologis
1021 1393 1093 1454 suis
1101 1391 1221 1454 nudam
1239 1409 1295 1452 ar·

252 1497 400 1576 gementi
415 1495 650 1576 expositionem
663 1497 796 1556 intexat.
849 1495 917 1575 Qui
925 1493 1011 1577 quod
1024 1495 1204 1558 uniformes
1212 1496 1293 1568 ιιιιι,

250 1599 365 1660 festive
382 1596 421 1658 ab
436 1591 667 1678 Aristophane
667 1611 830 1660 emantur.
858 1598 1015 1680 quales'et
1032 1598 1208 1676 nonnullos
1220 1595 1293 1672 ἰρις

248 1701 329 1782 legit
339 1693 399 1794 *it
421 1699 473 1761 ›ln
485 1719 567 1774 una,
596 1701 681 1782 quod
699 1702 923 1775 meminerim,
957 1701 1128 1784 Iphigenia
1147 1703 1183 1763 in
1197 1693 1296 1772 Auli?

251 1803 310 1877 de,
339 1823 377 1864 ex
390 1803 430 1864 iis
447 1801 528 1884 quae
542 1816 668 1878 eatam,
702 1804 764 1865 boc
784 1821 854 1866 non
873 1803 1072 1896 observavit.
1113 1803 1304 1886 Sophocles·

251 1905 377 1970 occulte
395 1904 429 1967 id
443 1905 523 1988 agit.
552 1918 584 1966 et
600 1909 669 1968 non
683 1925 810 1987 semper
827 1909 886 1968 uni
902 1907 1086 1974 committit.
1130 1907 1295 1970 Nonnun-

247 2027 347 2094 quam
367 2026 436 2070 rem
463 2007 652 2088 sinpliciter
671 2008 868 2088 ingreditur,
904 2023 941 2072 ut
962 2010 1147 2091 Aeschylus.
1199 2009 1296 2071 Mar-

251 2133 323 2187 cus,
350 2131 443 2174 more
461 2109 641 2192 Eunptdts,
668 2100 876 2179 nonestis
891 2107 954 2204 τῆς
973 2105 1193 2189 ὑποθέσεως
1190 2131 1296 2195 --Ῑιιιο

249 2217 390 2288 ιιιιιιιι,ι
410 2213 443 2275 id
457 2227 504 2275 est
519 2213 647 2276 fabulae
660 2213 841 2290 subjectum
856 2215 1000 2297 prologo
1012 2219 1196 2310 committit.
1231 2216 1292 2279 vi·

80 2293 87 2302 ⁹
150 2393 162 2414 .
247 2321 290 2382 de
306 2321 342 2380 in
357 2315 499 2379 Hercule
515 2315 657 2380 Furente
672 2316 889 2391 lunonem,
879 2339 915 2380 ιιι
935 2316 1080 2400 Thyeste
1104 2319 1299 2396 Tantalum,

154 2425 156 2432 ‘
191 2417 202 2452 ·'
248 2425 287 2486 in
312 2415 747 2502 cognomine'Oedipodem‚
789 2423 825 2482 ιιι
846 2420 1089 2502 Agamemnone
1104 2413 1292 2505 Thyesten.

249 2526 373 2588 Lucius
399 2523 438 2584 ab
460 2523 589 2586 actione
612 2541 739 2604 semper
761 2519 941 2600 inchoavit,
979 2538 1012 2585 et
1025 2525 1214 2607 simpliciter
1227 2524 1295 2604 εἰς·

250 2616 386 2717 βάλλει.
444 2625 579 2687 Hecuba
602 2638 634 2688 et
658 2624 792 2699 Medea,
825 2628 919 2688 utin
938 2629 1063 2704 medio,
1095 2629 1296 2692 calamitates

251 2751 321 2794 suas
335 2724 508 2818 ἐμπαθῶς
530 2727 708 2811 deplorant.
760 2729 851 2790 Haec
874 2745 1040 2814 exparte,
1073 2732 1129 2792 illa
1149 2753 1293 2813 prorsus,

202 2901 206 2914 ,
251 2835 487 2918 quidfutumm
507 2833 565 2907 sit,
597 2814 735 2915 ignorat.
789 2831 985 2915 Hippolytus
1008 2834 1293 2898 avenationein-

110 2917 120 2944 κ
189 2951 194 2958 ·
252 2939 381 3000 choavit
403 2949 435 2998 et
458 2955 592 2997 suorum
618 2935 862 3005 adhortatione,
913 2937 1012 3020 idque
1035 2938 1151 2999 eodem
1173 2953 1293 3016 metro,

253 3061 319 3124 quo
332 3040 434 3102 Rhesi
446 3041 567 3100 auctor.
618 3039 694 3120 Qua
708 3039 872 3120 tragoedia
890 3053 962 3122 post
986 3040 1180 3124 Sophoclem
1202 3043 1298 3104 nulla

149 3155 152 3168 ’
226 3157 341 3206 -extat
357 3143 616 3204 consummatior.
669 3141 750 3204 Eam
763 3161 823 3204 nos
841 3161 916 3204 eum
938 3143 1079 3206 studiose
1100 3145 1295 3227 legeremus,
1377 3177 1385 3194 ·

187 3243 189 3248 ’
253 3267 360 3328 neque
375 3243 549 3327 quidquam
561 3247 671 3310 minus
684 3264 781 3330 quam
801 3245 1020 3309 humilitatem
1042 3261 1075 3316 et
1095 3237 1296 3312 rhethricatti

158 3369 185 3394 ²·
252 3347 416 3431 Euripidis
431 3348 660 3424 subtilitatem,
698 3349 755 3415 sed
768 3369 830 3412 nec
849 3349 1118 3432 simplicissimam
1140 3353 1296 3440 Aeschyli

252 3453 473 3522 austeritatem
486 3466 519 3513 et
530 3450 777 3526 translationum
794 3449 977 3528 audaciam,
1004 3473 1112 3536 neque
1132 3459 1295 3538 composi·

253 3555 378 3636 tionem
394 3553 608 3638 Sophocleam
623 3565 656 3616 et
671 3557 824 3618 orationis
846 3555 1069 3633 difficultates,
1106 3561 1295 3621 oeconomi·

254 3679 307 3722 am
327 3672 438 3720 autem
458 3659 556 3742 longe
578 3659 617 3720 ab
642 3677 682 3756 eo
708 3658 865 3720 diversam
886 3653 1083 3750 videremus,
1124 3681 1294 3745 nunquam

254 3763 490 3836 dubitavimus,
524 3764 603 3846 quin
625 3748 756 3844 quattus
778 3763 891 3846 aliquis
913 3763 1115 3847 quaerendus
1134 3773 1216 3828 esset
1234 3785 1293 3826 au-

255 3880 335 3927 ctor.
388 3863 496 3944 Quem
514 3885 553 3928 ex
566 3867 683 3928 intima
704 3867 895 3948 antiquitate
913 3868 1045 3929 tandem
1067 3871 1223 3944 eruimus,
1261 3884 1296 3932 et

254 3965 439 4052 certissimis
451 3967 599 4045 indiciis,
626 3971 697 4052 quis
711 3968 808 4046 esset,
843 3971 878 4032 ιιι
902 3972 1183 4052 grammaticorum
1202 3971 1293 4034 libris

291 4187 405 4280 *ιιιιιο
418 4187 496 4244 verbe
506 4163 571 4259 qut
587 4189 638 4242 sibi
653 4191 753 4258 velint,
770 4209 823 4244 non
836 4191 964 4260 intelligo.
1036 4195 1040 4206 ¹
