2782 4956
255 431 304 497 so
455 483 456 490 Ν
542 419 582 482 L.
610 415 777 528 11111111
802 415 1001 482 SENECAE

225 603 231 616 ‘
254 601 407 670 Extrema
420 555 517 670 tellus
533 609 622 671 hunc
638 607 692 669 dat
707 596 838 673 Oceano
855 569 1012 666 modum?

256 707 343 786 Quas
359 710 515 775 trahimus
531 713 644 774 auras?
672 709 759 793 quod
773 710 880 772 solum
896 709 980 779 fesso
997 707 1129 772 subest?

199 848 200 857 ι
256 810 355 872 Certe
366 811 530 880 rediimus.
574 813 668 876 Unde
683 826 840 896 prostrata
854 831 873 873 a
887 811 984 874 domo

137 969 141 979 .
237 979 241 986 ,
254 912 360 976 Video
378 931 510 980 cruenta
525 918 681 1000 corpora?
703 921 750 978 'an
763 915 912 980 noudum
926 917 1017 990 exuit

254 1017 435 1081 simulacra
447 1041 539 1083 mens
555 1021 704 1084 inferna?
732 1017 810 1080 Post
824 1017 946 1082 reditus
961 1037 1091 1102 quoque
1199 1011 1312 1101 1145

223 1101 232 1120 ⁸
257 1119 395 1186 Oberrat
410 1124 521 1186 oculos
537 1111 632 1186 {urba
646 1122 754 1186 feralis
768 1141 869 1184 meos.

254 1220 362 1286 Pudet
379 1225 488 1288 fateri:
515 1247 615 1310 paveo
632 1227 742 1288 nescio
754 1224 857 1308 quid3
883 1223 967 1286 mihi

255 1325 372 1388 Nescio
390 1329 476 1410 quod
489 1333 614 1397 animus
629 1327 748 1412 'grande
762 1330 922 1410 praesagit
936 1325 1074 1420 malum«

256 1428 323 1490 Ubi
337 1443 385 1491 est
397 1435 533 1513 parens?
560 1433 618 1495 ubi
631 1433 687 1494 illa
701 1444 854 1494 natorum
867 1449 965 1512 grege

254 1531 411 1595 Animosa
424 1537 563 1614 conjux?
588 1557 646 1598 cur
660 1536 743 1596 latus
759 1535 888 1596 laevum
903 1545 993 1600 vacat
1199 1551 1310 1618 1150

160 1667 163 1675 ‹
255 1609 368 1718 spolio
385 1635 511 1701 leonis?
539 1659 681 1720 quonam
696 1638 763 1699 abit
776 1639 922 1720 tegimen
933 1653 1056 1711 meum,

254 1735 412 1822 Idemque
423 1761 538 1830 somno
553 1741 660 1804 mollis
674 1741 837 1802 Herculeo
851 1741 964 1800 torus?

222 1883 224 1888 -
256 1841 323 1906 Ubi
337 1843 424 1906 tela?
452 1845 508 1908 ubi
523 1847 638 1908 arcus?
664 1863 753 1906 arma
769 1845 840 1926 quis
855 1845 928 1906 vivo
946 1841 1029 1904 mihi

254 1943 438 2008 Detrahere
451 1949 581 2030 potuit?
608 1947 711 2030 spolia
728 1949 798 2029 quis
814 1959 904 2009 tanta
919 1945 1072 2008 abnulit?

188 2041 193 2048 ’
254 2043 432 2132 Ipsumque
448 2054 518 2134 quis
536 2071 604 2113 non
618 2051 769 2113 Herculis
785 2067 937 2112 somnum
953 2048 1105 2112 horruit?
1177 2064 1308 2166 1155

165 2181 168 2188 ·
255 2149 354 2212 Libet
367 2174 479 2215 meum
493 2154 602 2217 videre
615 2157 782 2229 victorem,
809 2152 906 2214 libet!

254 2251 412 2342 Exsurge,
439 2256 561 2334 Virtus,
589 2277 687 2338 quem
702 2275 827 2319 novum
840 2254 932 2318 coelo
948 2267 1041 2338 pater

259 2353 385 2420 Genuit
397 2359 530 2432 relicto;
557 2361 646 2438 cujus
660 2361 697 2422 in
710 2361 804 2436 foetu
817 2359 908 2420 stetit

255 2457 330 2522 Nox
344 2459 484 2542 longior,
512 2483 609 2544 quam
621 2467 745 2526 nostra!
771 2493 824 2509 -·
837 2457 949 2542 Quod
964 2480 1062 2526 cerua
1077 2461 1191 2526 nefas?

259 2561 359 2624 Gnaei
374 2567 508 2628 cruenti
524 2565 623 2628 caede
636 2547 777 2628 confecti
795 2566 916 2644 jacetur
1093 2589 1103 2598 ·
1199 2569 1306 2648 1160

189 2701 199 2722 ι
255 2663 408 2728 Peremta
420 2667 548 2746 conjux.
590 2669 670 2750 Quis
683 2669 789 2750 Lycus
806 2685 946 2749 regnum
961 2666 1097 2746 obtinet,

259 2769 340 2849 Quis
355 2783 443 2832 tanta
458 2771 580 2834 Thebis
595 2771 715 2833 scelera
729 2770 840 2832 moliri
851 2789 947 2831 ausus
962 2783 1010 2832 est

255 2869 399 2936 Hercule
411 2874 563 2935 reverso?
592 2873 746 2956 Quisquis
763 2873 885 2936 Ismeni
897 2871 978 2948 loca,

256 2975 375 3036 Actaea
390 2979 532 3058 quisquis
547 2993 630 3052 arva,
659 2980 717 3060 qui
732 2979 862 3058 gemino
879 2977 962 3038 mari

256 3076 387 3140 Pulsate
401 3079 530 3162 Pelopis
544 3099 644 3163 regna
657 3079 815 3141 Dardanii
828 3079 918 3153 colis,
1202 3083 1303 3160 1165

257 3179 431 3243 Succurrel
459 3201 570 3244 saevae
587 3182 684 3246 cladis
700 3195 866 3244 auctorem
880 3175 1035 3273 indical‘'

257 3283 343 3346 lluat
356 3286 404 3346 ira
415 3287 452 3348 in
466 3305 593 3349 omnes:
620 3287 721 3350 hostis
739 3299 796 3362 est,
825 3276 967 3366 quisquis
981 3283 1065 3346 mihi

158 3449 163 3456 .
257 3385 336 3451 Non
349 3403 508 3452 monstrat
529 3389 666 3453 hostem.
708 3387 821 3452 Victor
837 3387 979 3463 Aloidae,
1005 3387 1107 3450 lates?

256 3475 412 3566 Procede,
440 3513 499 3554 ssu
512 3507 551 3555 tu
565 3493 704 3556 vindicas
721 3511 834 3554 currus
850 3505 957 3554 truces

257 3591 393 3657 Thracis
410 3600 548 3672 cruenti,
575 3600 642 3660 sive
663 3595 835 3678 Geryonae
852 3614 960 3677 pecua,
1155 3670 1157 3679 ,
1204 3606 1304 3672 1170

256 3695 419 3778 Libyaeve
434 3697 599 3762 dominos!
627 3699 717 3762 nulla
730 3697 896 3782 pugnandi
911 3707 1075 3760 moreest.

191 3861 194 3868 ,
257 3799 319 3876 Ειι,
347 3801 453 3864 nudus
469 3802 574 3865 adsto!
602 3803 654 3862 vel
669 3804 750 3864 meis
767 3803 862 3864 armis
879 3801 957 3862 licet
975 3793 986 3870 ,¹

257 3901 352 3963 Peras
368 3907 538 3968 inermem.
585 3905 653 3966 Cur
667 3925 757 3966 meos
771 3903 916 3966 Theseus
932 3901 1018 3984 fugit
1055 3931 1059 3992 j

255 3993 417 4087 Paterque
432 4007 562 4069 vultus?
590 4027 647 4069 ora
661 4029 720 4068 cur
735 4005 879 4068 condunt
894 4005 971 4066 sua?

256 4107 398 4170 Differre
415 4109 527 4172 fletus!
557 4111 636 4190 Quis
653 4131 743 4172 meos
760 4109 884 4172 dederit'
899 4109 973 4170 neci
1204 4119 1300 4194 ¹¹75

260 4210 383 4274 Omnes
397 4213 506 4292 simul,
532 4213 676 4298 prolate!
702 4245 756 4263 ··-
782 4211 881 4296 Quid,
908 4213 1047 4296 genitor,
1067 4205 1171 4274 siles?
