2782 4956
458 379 771 484 ¹utssuumrro.
911 399 938 408 ”
1047 423 1137 486 usu
1236 491 1239 498 ,

83 604 255 669 Palamede
270 605 449 690 Euripides
471 605 613 694 lugebat:
673 611 789 694 Neque
812 608 906 674 aliter
930 611 1147 692 ingeltrudis
1197 585 1198 602 χ

81 731 157 772 nem
168 709 237 772 lilii
249 711 304 772 sui
315 709 490 793 Iophontis
504 711 681 776 traduxisse
695 711 901 798 Sophoclem,
928 713 1131 777 litterisimi·
1150 772 1153 784 ,

80 815 119 876 le.
175 811 326 898 Ideoque
340 807 496 919 διπλοῦν.
502 807 623 911 ὰχῆμα
635 817 754 882 habere
766 815 935 879 dicuntur:
963 817 1131 898 quisalius

82 929 129 978 ert
141 919 412 998 repraesentans,
440 918 522 981 alius
536 911 595 1003 qui
608 933 887 1002 repraesentatur..
913 917 986 982 Hoc
1003 937 1132 1002 quoque

78 1019 118 1082 ad
130 1018 324 1083 Homerum
337 1009 504 1083 referunt:
522 1023 629 1108 ‘quem
643 1023 684 1085 de
698 1045 736 1088 se
746 1021 905 1086 nonnulla
929 1023 987 1084 sub
1008 1023 1130 1085 Demo·
1173 1093 1176 1100 ,

78 1123 156 1184 doci
174 1143 319 1205 persona
338 1127 502 1202 innuisse,
541 1125 703 1190 Platonici
726 1125 891 1190 notarunt.
952 1125 1063 1188 Tertia
1085 1131 1132 1190 'est
1202 1105 1206 1122 '

79 1225 219 1288 Medea:
236 1241 332 1298 teste
350 1227 461 1304 Fabio,
488 1241 538 1304 et,
565 1233 719 1314 utquivIs
731 1229 835 1302 videt,
863 1216 1005 1308 ejusdem
1020 1244 1130 1292 auctu·
1234 1221 1247 1262 '¹
1318 1207 1319 1214 ἵ

78 1331 132 1394 ris.
185 1329 258 1392 Has
281 1344 349 1392 tres
366 1333 470 1394 miror·
495 1333 636 1395 extitisse
662 1353 862 1417 quenquam,
902 1333 958 1416 qui
988 1333 1129 1411 ejusdem

80 1453 150 1494 esse
166 1451 248 1496 cum
258 1433 395 1516 reIIquis
411 1437 618 1498 existimaret.
649 1489 655 1514 ,
672 1437 839 1518 Quattuor,
873 1435 1051 1498 Herculem
1063 1434 1128 1498 Fu·

77 1549 230 1610 rentem,
259 1537 459 1619 Thyestem,
488 1538 651 1621 Oedipum
666 1553 699 1601 et
715 1541 993 1622 Agamemnonem
1006 1537 1053 1602 M.
1072 1539 1127 1601 Se·

78 1659 181 1702 nesae
192 1638 416 1703 adscribimus.
469 1641 614 1724 Ideoque
637 1656 670 1703 et
685 1642 827 1706 Senecae
840 1633 977 1706 nomine
992 1643 1032 1704 ab
1044 1645 1126 1704 auti-

80 1746 153 1825 quis
166 1742 357 1806 laudantur.
411 1745 454 1805 Et
470 1745 610 1807 inlibris
636 1765 735 1810 manu
757 1749 890 1808 exaratis
911 1727 1008 1808 modd
1030 1743 1127 1808 Lucii

80 1845 182 1907 ruodo
199 1845 310 1908 Marci
322 1849 466 1909 invenias
487 1855 705 1932 praenomen,
732 1850 769 1910 in
792 1829 981 1930 quibusdam
999 1861 1125 1910 utrum-

81 1969 161 2030 que,
189 1943 232 2010 ut
247 1951 286 2012 iu
300 1953 442 2033 optimo,
469 1971 534 2034 quo
545 1973 623 2014 usus
635 1965 682 2020 est
697 1951 746 2014 vir
765 1969 908 2015 summus
922 1949 1029 2014 Iustus
1048 1951 1125 2034 Lip-

79 2055 154 2116 sius.
213 2053 392 2115 Caeterum
405 2056 546 2116 accurati
560 2049 837 2132 judicisacumine
859 2067 908 2118 est
930 2073 1028 2138 opus,
1048 2051 1051 2058 ’
1069 2055 1126 2136 qui
1163 2112 1165 2121 ,

79 2175 149 2218 suas
163 2159 288 2239 cuique
304 2157 469 2220 adscribat.
546 2157 766 2222 Posteriorem
782 2157 869 2221 hunc
883 2147 1057 2242 Tragicu‘m
1069 2143 1125 2218 ro·

80 2273 166 2322 cant.
220 2259 344 2322 Paulus
357 2259 523 2322 Diaconus
545 2261 629 2326 Hist.
648 2260 828 2324 Miscellau.
847 2261 904 2324 lib.
926 2259 1022 2322 VIII:
1048 2257 1125 2324 Htt·

73 2366 133 2446 jus
161 2363 335 2444 (Neronis)
362 2352 573 2449 temporibus
583 2373 705 2452 poetae
712 2359 887 2452 pellebant
902 2358 1033 2428 Romae
1048 2358 1125 2428 Lu·

79 2488 190 2530 canus
204 2463 378 2531 Iuvenalis
386 2475 420 2530 et
435 2465 587 2542 Persius,
613 2465 807 2558 Senemque
827 2463 1012 2552 'lingis-m,
1039 2461 1126 2529 Mu·

78 2570 218 2644 senius,
239 2579 345 2659 utque
359 2566 568 2634 Plutarchus
578 2567 783 2660 philosophi.
836 2569 987 2643 Sidonius
1014 2571 1124 2649 (carm.

82 2691 114 2756 9.
131 2672 174 2736 ad
190 2673 353 2755 Magnum
366 2673 529 2754 Felicem)
541 2699 549 2734 s

167 2803 314 2881 Quorum
335 2787 418 2864 uuus
439 2803 518 2864 colit
539 2799 701 2884 hispidum
723 2805 877 2878 Platona,
927 2865 933 2876 ,

165 2891 400 2971 lucernamque
420 2909 513 2958 suum
534 2901 638 2954 munel
661 2889 813 2948 Neronem
820 2911 832 2962 ;
876 2960 887 2972 .
916 2955 920 2962 ¹

170 2972 382 3036 orchestram
402 2978 510 3054 quatit
537 2977 624 3034 atter*
640 2974 820 3056 Euripidis·

80 3121 234 3184 Alterum
248 3135 359 3182 autem
373 3122 470 3182 etiam
483 3126 633 3203 poemata
651 3121 825 3202 scripsisse,
853 3133 886 3182 et
907 3119 1037 3210 quidem
1057 3140 1125 3183 cre·

79 3223 160 3298 bro,
187 3223 242 3286 vel
257 3223 411 3297 Tacitus,
438 3239 475 3285 ut
495 3223 573 3286 alios
587 3227 754 3298 omittam,
779 3243 838 3285 nos
853 3223 956 3286 docet.
1009 3224 1126 3286 Crete·

80 3348 156 3394 rum
171 3346 251 3388 cum
264 3323 346 3390 duae
365 3329 430 3388 sint
444 3325 626 3409 tragoediae
637 3321 760 3410 partem
785 3325 885 3388 altera
905 3329 1076 3391 uniformis
1093 3339 1127 3388 et

83 3430 230 3510 ejusdem
243 3433 368 3506 metri,
395 3449 491 3512 quam
512 3419 607 3498 nard
627 3423 752 3516 στίχον
775 3429 849 3492 ideo
869 3445 1001 3508 vocant,
1042 3451 1125 3514 quae

82 3549 218 3618 excepto
233 3533 335 3596 choro
353 3536 461 3596 omnia
481 3535 707 3616 complectitur
729 3547 762 3594 et
781 3533 925 3596 iambum
943 3525 1013 3597 non
1034 3555 1124 3597 exce·

45 3717 50 3726 .
82 3639 146 3707 dit;
190 3636 310 3712 altera,
346 3657 428 3720 quae
455 3639 548 3698 variis
574 3639 679 3698 utitur
700 3640 830 3714 metris,
870 3659 942 3722 pars
968 3639 1127 3700 nimirum

81 3743 229 3804 chorica:
257 3741 336 3802 hinc
350 3725 787 3822 nunnunquamdifferentias
796 3741 910 3804 Critici
922 3731 1126 3824 notabanti‘)

85 3846 131 3906 lta
153 3843 338 3926 Sophocles
360 3845 618 3926 pericommatis,
651 3843 889 3926 antistrophicis
911 3847 1051 3908 maxime
1070 3845 1125 3907 de·
1180 3833 1198 3878 ·'

83 3949 218 4010 lectatur
236 3945 424 4030 Euripides.
468 3947 578 4010 Latini
591 3943 667 4009 cum
679 3947 735 4008 has
754 3935 948 4012 differentias
961 3951 1123 4031 ignorent,

86 4133 345 4165 —su—-n-y,
561 4141 563 4151 ι
688 4145 718 4166 ι,
908 4128 947 4162 l',

110 4247 134 4312 ⁹)
149 4245 195 4299 De
206 4261 238 4298 re
249 4238 363 4297 metrici
383 4239 499 4296 Senecas
513 4240 566 4294 sid.
582 4239 660 4294 iudex
675 4211 890 4305 iuiutdditionis
901 4239 927 4296 ν’.
939 4257 1040 4296 smnus.
