2872 4942
368 430 375 442 =
437 397 638 460 onulthS.
693 397 869 462 uentu.
912 389 943 489 ᾖ
1059 477 1061 486 ¹
1115 411 1160 478 71

118 587 240 650 Baculo
267 585 362 650 senili
388 561 478 650 triste
503 601 707 670 praetentans
740 573 813 652 iter.
1088 590 1160 668 655

116 692 243 773 Eripite
269 697 385 761 terrast
426 693 571 754 auferam
597 693 725 754 coeluin
750 705 850 775 pater.

119 815 195 856 orn.
215 793 267 855 =Et
294 813 363 856 ossa
390 807 421 857 et
447 807 533 857 artus
560 793 684 878 gelidus
711 797 826 858 invasit
851 807 993 856 tremor:

119 882 286 980 Quidquid
310 897 465 960 timebam
491 901 615 975 facere,
656 887 775 964 fecisse
797 917 924 982 arguor.
989 925 994 954 ι

79 1020 82 1024 ·
117 985 199 1062 Toni
223 995 338 1083 jugalis
365 1001 479 1092 abnuit
504 999 641 1088 Merope
666 1005 767 1080 nefas,
797 1076 802 1087 ,
1062 1071 1070 1094 Ι

117 1104 245 1166 Sociata
270 1101 413 1186 Polybo;
444 1120 551 1190 sospes
578 1105 712 1168 absolvit
737 1127 852 1169 manus
1085 1101 1156 1174 6¹60

115 1204 259 1288 Polybus
283 1225 389 1279 meas3
426 1221 564 1292 uterque
588 1205 734 1272 defendit
757 1227 873 1294 parens
939 1251 944 1270 .
1017 1223 1020 1227 ’

115 1309 278 1385 Caedem,
310 1323 538 1393 stuprumque:
565 1315 636 1396 quis
659 1314 749 1376 locus
776 1313 889 1396 eulpae
915 1325 963 1374 est
987 1313 1110 1394 superi.
1143 1378 1161 1392 Η

114 1413 224 1475 Multo
253 1427 329 1476 ante
354 1413 488 1477 Thebae
513 1414 635 1478 Laium
659 1419 813 1480 amissum
837 1406 984 1499 'gemunt
1093 1401 1094 1406 ἵ

113 1517 237 1579 Bneota
263 1535 373 1598 gressu
399 1537 496 1600 quam
521 1539 596 1580 meo
621 1521 717 1602 tetigi
740 1504 823 1582 loca.

113 1617 269 1681 Falsustre
295 1623 422 1696 senior,
459 1614 500 1683 an
526 1623 604 1685 deus
631 1611 753 1687 Thebis
780 1624 905 1707 gravb?
932 1653 984 1674 —··
1082 1620 1152 1700 665
1204 1627 1213 1649 ”

112 1723 253 1801 Jamjam
276 1735 425 1786 tenemus
451 1724 559 1810 c'allidi
584 1729 688 1788 socios
714 1726 797 1796 doli:
982 1711 984 1716 ’

111 1827 276 1890 Mentitur
299 1829 362 1888 ista
385 1824 569 1910 praeferens
600 1829 708 1893 fraudi
734 1830 811 1911 deos

112 1931 230 2006 Vates,
263 1929 388 2012 tibique
413 1945 537 2014 sceptra
562 1931 738 2016 despondet
762 1921 858 2010 mea.¹

73 2053 82 2060 ·
112 2055 166 2097 cn.
195 2033 299 2116 Egon’
325 2047 363 2094 ut
388 2053 534 2097 sororem
565 2037 655 2128 regii
681 2035 800 2120 expelli
824 2035 946 2097 velim?
999 2049 1004 2131 ὲ
1049 2017 1054 2024 ’

111 2139 146 2200 Si
171 2157 227 2199 me
253 2135 332 2198 fides
358 2152 479 2199 sacrata
504 2142 633 2221 cognati
657 2137 733 2214 laris
1049 2221 1054 2226 Ι
1079 2135 1152 2244 670
1253 2177 1258 2190 ,
1368 2193 1371 2210 ,

110 2223 186 2304 Non
212 2241 396 2302 contineret
417 2243 454 2303 in
478 2261 554 2303 meo
588 2255 713 2304 certum
740 2255 840 2304 statu:

111 2345 238 2432 Tamen
262 2345 332 2424 ipsa
355 2361 410 2405 me
435 2344 580 2406 Fortuna
604 2358 758 2424 terreret,
794 2347 891 2410 nimis

110 2448 259 2532 §allicita
284 2465 420 2528 semper.
471 2441 588 2509 Libeat
611 2447 676 2511 hoc
708 2462 780 2510 tuto
805 2428 868 2510 tibi

110 2552 240 2615 Exuere
263 2547 406 2631 pondus:
445 2569 490 2612 ne
515 2551 722 2624 recedentem
746 2553 916 2634 opprimat.
1014 2573 1019 2580 ·

109 2655 183 2722 Jam
207 2668 241 2716 te
267 2655 395 2714 minore
420 2655 523 2716 tutior
546 2674 654 2735 pones·
679 2656 762 2718 loco.
799 2679 802 2686 ’
1078 2657 1149 2734 675
1266 2639 1268 2647 ,
1323 2729 1330 2736 ,

110 2778 186 2820 oen.
214 2756 362 2818 Hortaris
388 2759 507 2832 etiam,
541 2771 656 2840 sponte
665 2756 844 2839 deponam
868 2771 907 2818 ut
932 2777 1006 2822 mea
1048 2839 1052 2848 Ι
1141 2778 1144 2796 ·

109 2861 195 2924 Tam
221 2861 331 2940 gravia
354 2859 478 2941 regna?
519 2878 573 2926 cst.
602 2859 762 2922 Suadeam
786 2861 850 2922 hob
874 2861 939 2923 illis
966 2860 1036 2943 ego,

107 2965 147 3026 in
173 2965 446 3044 utrumque‘quts
460 2991 461 2995 ¹
474 2975 521 3024 est
546 2961 629 3026 liber
655 2965 834 3038 etiamnum
859 2977 970 3026 status.

109 3067 186 3130 Tibi
211 3067 279 3145 jam
303 3085 432 3127 necesse
458 3079 506 3127 est
531 3063 617 3128 ferre
648 3066 815 3130 fortunam
839 3079 941 3128 tuam:

108 3191 185 3234 osu.
215 3145 404 3230 Certissima
430 3181 478 3230 est
502 3187 639 3250 regnare
671 3170 816 3252 cupienti
841 3171 893 3232 via
1076 3171 1148 3244 680

106 3271 256 3335 Laudare
280 3269 425 3346 modica,
466 3283 498 3332 et
524 3262 628 3334 otium
654 3291 691 3336 ac
716 3293 868 3337 somnum
891 3271 995 3358 loqui.

77 3378 156 3439 -Ab
182 3375 332 3458 inquieto
358 3393 453 3456 saepe
478 3373 647 3437 simulatur
678 3377 778 3457 quies.

107 3501 161 3543 ea.
191 3477 355 3540 Parumne
378 3496 433 3539 rne
457 3491 524 3538 tam
548 3476 646 3560 longa
671 3477 817 3542 defendit
840 3479 940 3542 tides?

106 3603 183 3646 osu.
212 3579 348 3642 Aditum
372 3579 512 3644 nocendi
536 3579 660 3664 perfido
686 3588 826 3663 praestat
850 3583 940 3648 iides.

107 3707 161 3749 en.
191 3681 324 3745 Solutus
351 3703 451 3748 onere
474 3675 567 3766 regio
592 3687 686 3767 regni
710 3683 804 3748 bonis
1075 3689 1147 3768 685

105 3789 228 3863 Fruor,
264 3785 442 3870 domusque
467 3789 586 3866 civium
611 3801 707 3876 coetu
732 3791 842 3871 vigete
1062 3795 1064 3802 '

106 3891 176 3956 Nec
201 3889 270 3951 ulla
294 3890 415 3958 vicibus
440 3891 544 3972 surgit
568 3891 699 3954 alternis
726 3889 804 3967 dies,

107 3993 182 4076 Qud
208 4013 277 4055 non
301 3995 476 4076 propinqui
500 4010 636 4057 munera
662 3993 854 4056 adnostros
879 3993 961 4056 lares
1046 4033 1048 4038 ·

107 4096 245 4179 Sceptri-
259 4095 442 4160 redundent
467 4097 589 4174 cultus,
626 4097 799 4180 opulentae
825 4093 931 4181 dapes.

109 4201 242 4264 Donata
266 4199 378 4264 multis
404 4199 506 4283 gratia
530 4201 641 4288 nostri
664 4201 758 4264 satus.
1076 4203 1147 4282 690
1218 4191 1230 4197 ”
1284 4219 1292 4228 “
