2830 4948
355 427 650 518 introimus.
704 432 805 498 Act.
836 427 877 533 r„
954 497 957 508 s
1085 446 1124 506 n

82 619 210 682 Onu-et
227 619 386 683 nefandis.
427 619 525 683 Nulla
543 621 668 684 Minois
682 620 749 684 leri
826 627 829 636 '

80 723 251 786 Defuncta
263 741 375 787 amore
387 737 452 796 est;
477 725 625 806 jungitur
638 743 766 808 semper
776 727 878 794 nefus.

80 847 191 889 unrn.
240 827 369 890 Thesea
385 828 514 906 conjux,
539 827 622 889 clare
635 831 806 910 progenies
823 829 923 910 lovis,
1058 851 1129 918 ¹3⁰

80 929 232 990 Nefanda
249 945 334 993 casto
349 945 482 1014 pectore
495 930 629 1002 exturbo
645 933 750 996 ocius!
1125 959 1133 972 ¹

79 1031 249 1115 Extingue
261 1034 417 1109 flammas,
443 1055 527 1098 neve
538 1047 573 1096 te
585 1033 673 1096 dirue
685 1039 757 1116 spei

79 1133 205 1198 Praebe
219 1137 461 1220 obsequentem.
505 1136 660 1220 Quisquis
677 1139 834 1221 inprime
850 1139 985 1220 obstitit,
1121 1190 1125 1206 .
1214 1173 1217 1183 ·

80 1236 281 1322 Pepulitque
297 1259 453 1315 umorem,
480 1253 570 1302 tutus
584 1260 620 1302 ec
634 1243 737 1302 victor
751 1243 834 1314 iuit3
1051 1309 1053 1317 Α

81 1340 148 1422 Qui
160 1333 360 1406 bldndiendo
375 1343 469 1406 dulce
483 1345 622 1406 nutrivit
633 1345 767 1421 malum,
985 1331 989 1351 ’
1054 1365 1124 1434 135

81 1443 159 1507 Sero
176 1459 308 1510 recusat
325 1448 422 1524 ferre,
450 1445 537 1530 quod
552 1446 662 1522 subiit,
689 1448 814 1529 jugum.

81 1549 149 1610 Nec
156 1569 220 1611 me
237 1549 333 1633 fugit,
360 1570 457 1634 quam
468 1549 568 1613 durus
584 1563 617 1611 et
631 1551 700 1613 veri
715 1551 859 1614 insolens

81 1652 126 1712 Ad
139 1667 232 1715 recta
248 1653 339 1716 flecti
354 1655 462 1736 regius
476 1653 563 1716 nolit
576 1667 696 1716 tumor.

80 1756 322 1840 Quemcunque
334 1756 460 1839 dederit
472 1739 595 1818 eximio
610 1775 711 1830 casus,
739 1755 857 1817 lerum:

80 1859 213 1921 Fortem
226 1860 306 1922 facit
315 1862 421 1922 vicina
434 1859 565 1924 libertae
579 1879 701 1922 senem.
1052 1880 1122 1949 140

79 1961 228 2024 Honeste
242 1963 385 2045 primum
400 1975 448 2024 est
462 1961 557 2036 velle,
584 1981 646 2024 nec
662 1961 727 2024 lobi
743 1963 810 2032 viat

79 2065 189 2128 Pudor
205 2079 254 2126 est
269 2067 437 2141 secundus,
464 2085 560 2127 nosse
576 2064 730 2147 peccandi
745 2045 906 2129 modurn.-
1001 2087 1006 2102 =

79 2168 163 2250 Quo,
191 2171 321 2244 misera,
347 2167 477 2250 pergis?
504 2167 582 2250 quid
596 2151 731 2230 domum
742 2168 901 2232 infamem
916 2170 1075 2256 adgravet,

79 2271 283 2354 superasque
294 2271 454 2334 matrem?
480 2273 583 2350 majus
600 2285 648 2333 est
660 2284 806 2333 monstro
821 2272 930 2336 nelast

78 2373 161 2436 Nam
176 2389 324 2438 monstro
338 2375 416 2452 feto,
443 2375 588 2436 moribus
602 2374 722 2436 scelere
736 2377 887 2456 imputes.
1048 2399 1094 2463 ¹4
1096 2395 1122 2464 5

77 2477 120 2552 Si,
150 2478 240 2561 quod
256 2479 392 2542 meritus
407 2497 523 2559 supera
539 2497 608 2540 non
623 2481 727 2539 cernit
738 2477 821 2553 loca,

78 2581 203 2642 Tutum
218 2601 287 2642 esse
301 2581 424 2643 facinus
438 2580 554 2656 credis,
582 2595 615 2642 et
630 2599 768 2660 vecuum
783 2595 896 2644 metue

77 2683 181 2747 Erras.
222 2683 345 2747 Tener'i
359 2685 453 2746 erede
468 2683 612 2746 Lethaeo
627 2683 777 2747 abditum'

78 2787 203 2848 'lberea
216 2787 391 2869 profundo,
419 2801 452 2849 et
465 2787 551 2849 {erre
564 2801 755 2868 perpetuom
768 2787 882 2870 stygae

79 2889 165 2970 Quid
177 2891 246 2966 ille,
272 2891 339 2952 loto
353 2893 454 2954 morie
469 2893 526 2972 qui
538 2909 640 2970 regno
655 2893 785 2971 premit,

75 2993 276 3076 Populisque
287 2993 393 3057 reddit
405 2995 474 3072 jure
491 2994 635 3055 centenis
650 2993 763 3074 poter?
783 3037 786 3046 ,

76 3095 190 3160 latere
202 3110 332 3160 tentum
346 3097 471 3159 lucinus
484 3097 650 3158 occultum
664 3097 748 3158 sinet
758 3095 776 3156 ?·

75 3199 175 3282 Sognx
187 3213 360 3283 parentum
378 3213 426 3262 eet
438 3218 523 3260 curo.
570 3198 747 3261 Credamus
761 3211 871 3262 temen

75 3302 153 3365 Astu
166 3301 310 3386 doloque
324 3316 435 3386 tegere
449 3323 508 3366 nos
523 3313 650 3364 tontum
662 3302 767 3382 nefus:
848 3323 850 3328 ’

77 3405 165 3486 Quid
176 3406 246 3481 ille,
272 3405 369 3469 rebus
382 3406 496 3468 lumen
508 3403 684 3466 infundent
699 3399 806 3478 suum,

73 3507 186 3572 Mane·
202 3509 339 3592 parem?
366 3507 445 3591 quid
455 3507 525 3583 ille,
552 3509 608 3590 qui
621 3506 782 3570 mundum
797 3509 912 3594 quatit,

72 3611 209 3674 Vibrant
223 3610 358 3673 corusci
372 3611 501 3674 inlmen
514 3611 697 3674 Aetnaeum
709 3631 821 3690 menn,

72 3714 164 3777 Sutor
181 3699 341 3776 deorum?
356 3713 471 3780 ‚neus
487 3713 550 3776 boc
563 3733 656 3796 pesse
672 3713 767 3788 effici,

70 3815 161 3880 lnter
173 3815 320 3880 videntes
337 3820 447 3880 omniu
465 3830 504 3880 ut
515 3817 614 3879 lateas
629 3817 726 3878 avos?

74 3920 145 3996 Sed,
173 3933 212 3982 ut
228 3921 388 3984 secundus
401 3922 578 3983 numinum
594 3917 766 3982 abscondet
780 3917 873 3982 fover

72 4023 188 4086 Go'itus
201 4023 371 4100 nefandos,
398 4038 499 4106 utque
512 4025 678 4104 continget
691 4035 803 4103 stupro

71 4125 192 4210 Negata
206 4129 333 4210 magnis
347 4127 520 4192 sceleribus
536 4142 661 4207 semper
675 4124 773 4186 fides:

73 4229 160 4312 Quid
171 4251 279 4314 poene
293 4249 454 4312 praesent,
482 4221 628 4292 consciae
642 4230 746 4290 noctis
758 4245 867 4308 pavor,
