2782 4956
312 445 324 484 ,ι
443 403 709 474 PRAEFATIO·
789 491 790 498 ἵ
849 435 856 454 ι
1028 423 1098 480 ιιιι

44 582 202 648 ris-tutem
227 583 366 664 (quam
388 577 478 646 nulli
498 575 581 644 citra
602 574 733 642 labores
749 573 945 651 iunmneros
963 575 1100 644 contin⁴

43 707 111 774 gne
122 679 369 748 monimum
384 687 463 764 est)
484 701 551 767 que
566 689 600 744 ct
612 679 785 745 teterrima
803 677 969 768 senissimi
981 679 1099 768 pluto-
1229 735 1231 745 ι

45 789 86 856 ιιι
98 783 255 875 imperia
266 783 422 858 minime
435 780 657 873 pertimescite
688 793 722 848 ct
734 781 890 854 mortales
910 779 954 865 ad
974 782 1100 850 trinus-

47 883 257 978 plat'msimss
271 886 355 954 illas
368 885 497 954 celestis
509 881 607 971 regni
619 883 712 954 sedes
720 883 906 982 perducere
912 885 1101 974 expeditis-

46 993 119 1058 sime
138 999 273 1078 potest.
312 987 384 1056 hoc
406 987 498 1054 enim
518 985 723 1057 carminibus
749 985 814 1052 illis
834 986 952 1074 quibus
979 987 1101 1072 ultima

43 1091 211 1160 dondinu-
236 1089 403 1177 tragedia
417 1087 453 1174 Ἰ)
479 1088 709 1178 pulcherrime
734 1087 994 1156 demonstratur·
1032 1113 1127 1180 que,

44 1195 204 1284 quoniam
220 1193 406 1282 plerisque
419 1193 588 1258 notiuima
604 1201 702 1274 sunt,
735 1191 938 1282 usqueadeo
957 1191 1100 1280 inquam

45 1311 77 1364 ιιι
89 1308 241 1386 propter
251 1296 417 1365 ,diuinam
431 1294 570 1366 illorum
589 1291 793 1366 sentenciam
810 1315 864 1362 eos
886 1313 1023 1382 qnoque
1041 1292 1101 1384 qui

47 1399 220 1468 consumi
233 1420 364 1464 senece
378 1397 541 1484 tragedias
557 1399 730 1488 perlegere
743 1395 885 1462 minime
897 1396 1038 1462 lateaots
1060 1419 1102 1465 ea

49 1503 199 1572 comulto
210 1499 386 1568 duximus
400 1497 594 1570 omittenda.
616 1499 690 1568 Hoc
704 1500 818 1588 itaque
829 1509 900 1566 tam
916 1501 998 1566 utile
1009 1511 1101 1568 tama

51 1629 108 1696 que
119 1601 431 1694 magnificandum
452 1625 537 1694 opus
550 1625 593 1670 cx
608 1602 887 1670 incorrectissimo
899 1601 1104 1692 penitusque

53 1709 204 1776 mutilato
221 1717 263 1772 ct
278 1707 591 1774 emendatissimum
601 1714 635 1769 ct
646 1705 899 1794 integerrimum
909 1717 1022 1772 noster
1031 1705 1103 1772 bal·

54 1813 109 1878 bus
121 1807 301 1879 reddidit:
325 1809 454 1876 adeunt
470 1807 536 1875 iam
546 1806 658 1874 de'con'
672 1807 816 1897 pristino
828 1809 1020 1875 restitutum
1032 1831 1104 1876 esse

60 1916 214 1980 rideatur.
252 1911 348 1976 bene
363 1911 403 1976 de
416 1909 678 2000 quamplurimis
700 1910 793 1994 (mea
811 1909 947 1998 quidam
966 1925 1104 2002 senten·
1189 1905 1193 1912 ’

67 2009 313 2098 dsl'mcritns·
336 2015 394 2100 qui
409 2013 473 2080 hac
486 2013 557 2102 ipss
570 2013 716 2080 lectione
736 2013 821 2092 (nisi
835 2035 892 2080 me
906 2035 982 2100 spes
996 2011 1103 2095 fallit)

64 2119 283 2208 stpoliciores
297 2115 592 2184 suntetmeliores
608 2116 749 2186 suasuri.
796 2115 1105 2206 Quodsihocpacto
1217 2099 1230 2133 s

64 2217 389 2291 tunemendandis,
420 2229 495 2284 tom
510 2216 768 2309 interpretandis
782 2219 951 2284 maiorum
969 2230 1105 2286 nostro-
1201 2227 1204 2236 '

66 2347 131 2392 mm
143 2320 386 2388 voluminibus
400 2319 657 2386 studiosissimus
671 2333 788 2412 perget
807 2319 1016 2388 adolesceus=
1044 2321 1105 2390 fu-

68 2433 169 2494 turum
182 2425 275 2492 nihil
293 2422 428 2511 ambigo
443 2421 523 2508 quin
537 2421 675 2495 balbum
688 2436 785 2488 tuum
797 2420 840 2488 de
855 2423 949 2510 cuius
964 2437 1035 2492 tam
1044 2423 1105 2520 lit-¹

68 2529 136 2596 teris
149 2551 256 2616 quam
270 2523 409 2612 ingenio
425 2523 589 2641 optimam
611 2525 664 2614 (ut
675 2547 807 2614 equum
824 2523 888 2612 est)
909 2527 1105 2616 opinionem

70 2633 176 2700 babes:
215 2627 329 2716 magis
353 2627 459 2694 indies
488 2627 661 2716 magisque
689 2626 905 2764 probandum
928 2627 1104 2697 arbitrere.

73 2737 142 2806 lale
153 2731 253 2804 felix.

119 3013 165 3074 Ad
176 3011 349 3076 calcem
320 3031 388 3092 ejus
403 3011 551 3076 editionis
566 3014 646 3078 haec
664 3011 802 3092 adjecta:

118 3113 252 3178 Carolus
268 3115 444 3180 fernandus
457 3115 611 3180 lectorem
627 3109 813 3200 alloquitur.

118 3221 185 3300 Qui
197 3219 281 3301 legis
296 3218 446 3307 altilcqui
460 3211 643 3285 veneranda
654 3229 805 3306 poemata
815 3219 910 3284 vatis:
972 3298 978 3306 ·

166 3321 267 3384 Musa
289 3337 459 3410 cctnmstc
481 3324 534 3386 cui
556 3322 645 3386 dedit
669 3343 725 3386 ore
744 3322 845 3405 loqui.
897 3337 900 3342 ·
983 3380 987 3394 ,

117 3425 285 3487 Hactenus
301 3427 433 3510 antiquo
449 3427 589 3489 nimium
604 3425 738 3510 spoliata
752 3427 875 3487 nitore:

169 3529 269 3592 Nunc
283 3541 396 3610 tamen
410 3526 450 3590 ad
465 3531 607 3614 priscum
621 3531 687 3591 visa·
699 3529 831 3590 rediisse
843 3527 948 3590 iubar.

119 3631 168 3696 Te
179 3630 273 3694 balbi
280 3619 469 3696 meminisse
482 3631 588 3696 decet:
615 3636 672 3715 qui
686 3631 796 3694 codice
808 3629 927 3692 multo·
1020 3631 1028 3644 '

166 3733 300 3798 Collsto
315 3733 377 3797 hec
392 3733 508 3798 tribuit
522 3757 658 3798 munera
671 3749 760 3796 tanta
775 3733 846 3796 sibi.

117 3837 292 3922 Multaque
317 3835 512 3920 vuolfgango
528 3835 689 3900 debetur
680 3839 798 3920 gratis:
832 3838 923 3898 cuius

163 3942 238 4006 Hec
249 3943 338 4004 nitet
354 3923 472 4004 artifici
484 3941 594 4004 littera
609 3960 717 4026 pressa
732 3929 845 4004 masin.

103 4125 269 4190 nllncssles
281 4123 419 4188 Οιιιοιιι
446 4123 656 4194 queensqoedls
667 4141 717 4194 pos
704 4133 730 4177 ιι
743 4123 834 4178 Οιιιιῐ
809 4139 877 4176 ιιιιιι
894 4121 971 4176 etism
982 4119 1108 4192 ponlso-
1211 4113 1214 4128 ’

130 4217 179 4283 let,
195 4224 271 4268 certe
283 4221 348 4281 post
363 4221 467 4262 estem
481 4211 612 4276 desecas,
635 4210 663 4261 in
675 4209 787 4280 antiquis
801 4207 884 4265 libris.
