2782 4956
257 441 330 492 tunt
408 419 512 486 DAN.
527 413 695 482 HEINSII
710 415 773 482 DE
783 417 857 482 HIS
871 415 1143 482 Tareninus

345 596 485 667 Παλαιὸν
508 603 604 668 οἴκων
625 606 725 682 κτῆμα
746 601 910 678 δεσποίνης
932 597 1018 678 ἐμῆς,

350 690 386 750 Τι’
404 683 482 772 πρὸς
502 684 626 752 nilum
647 680 731 768 τήνδ’
752 677 856 771 droul
878 685 1006 768 ἐρημίαν
1104 709 1107 719 “

335 767 515 853 ”,·Εσιηκας
1096 818 1099 828 ·

258 917 323 979 hoe
349 888 474 984 Ennius
500 933 649 994 verteret,

346 1061 494 1144 Antiqua
516 1063 625 1126 teila
636 1064 714 1141 fida
735 1077 843 1129 euetos
865 1067 1018 1145 eorporis,

349 1149 439 1226 Quid
458 1173 506 1210 sce
528 1164 619 1210 aetra
639 1151 731 1212 aedes
754 1163 784 1211 te
803 1153 987 1210 exanimata
1008 1147 1178 1256 eliminat?

265 1293 329 1357 Sed
340 1295 423 1358 hos
413 1317 448 1360 m
463 1297 625 1380 plerisque
640 1296 821 1380 impolitiee
833 1311 980 1358 censores
989 1293 1125 1364 literarii
1136 1295 1302 1380 notabant.

264 1398 356 1460 Attio
383 1401 456 1482 plus
484 1400 693 1473 tribuebant,
727 1401 795 1464 imo
825 1399 1042 1482 principatum
1070 1400 1106 1460 in
1129 1371 1302 1480 tragoedia.

264 1499 374 1564 Etiam
397 1502 523 1566 Tiberii
545 1523 624 1565 aevo
645 1501 815 1579 nonnulli,
852 1517 890 1564 ut
911 1500 1097 1562 Paterculus
1118 1521 1176 1564 nos
1198 1501 1303 1563 docet.

268 1603 370 1681 (Hist.
387 1607 482 1669 Rom.
505 1624 535 1682 1,
562 1609 637 1684 18.)
681 1607 807 1686 Quare,
839 1607 877 1672 in
895 1623 1022 1666 summo
1044 1606 1148 1686 operis
1173 1618 1307 1666 auctore

267 1707 599 1792 quiddecore'necne
621 1707 738 1783 fieret,
769 1707 924 1791 praeclari
944 1707 998 1770 isti
1018 1707 1078 1768 viri
1100 1707 1303 1789 quaerebant.

260 1810 429 1876 'Omnium
452 1811 672 1896 antiquissima
700 1811 895 1894 Hippolytus
918 1810 1053 1872 videtur.
1134 1811 1309 1874 Character

267 1907 426 1996 aequalis,
461 1929 582 1990 tersus,
608 1933 689 1996 pura
703 1913 819 1990 di'ctio,
843 1907 1005 1996 ⁴rarissima
1020 1915 1168 1974 acumina
1191 1928 1223 1974 et
1234 1917 1308 1976 sine

267 2015 335 2080 ulle
348 2017 535 2082 ambitione.
590 2017 731 2080 Troades
747 2016 873 2092 divina,
891 2037 953 2078 nec
966 2017 1081 2078 Latina
1097 2017 1213 2078 minus.
1264 2017 1310 2078 In

202 2187 204 2192 ,
269 2139 333 2202 qua
348 2119 432 2184 illud
445 2133 558 2195 notes,
592 2119 677 2201 quod
696 2122 732 2184 in
746 2111 977 2202 Menalippe*)
1000 2117 1177 2204 Euripidis,
1211 2141 1309 2213 quam

13 2211 18 2228 ⁸
144 2279 151 2288 .
270 2221 457 2304 Sapientem
471 2221 643 2296 vocabant,
670 2223 795 2303 antiqui
813 2223 1002 2296 observant,
1028 2221 1148 2304 Pyrrhi
1168 2235 1201 2284 et
1224 2232 1308 2305 aga-

266 2328 454 2402 ,memnonis
478 2325 678 2405 colloquium
700 2323 1009 2418 ἐσχηματισμένον
1034 2345 1111 2387 esse.
1165 2325 1247 2392 Nam
1269 2341 1334 2388 ut·

270 2428 318 2494 ibi
339 2425 526 2514 Menalippa
547 2427 755 2510 Euripidem,
787 2431 834 2490 ita
854 2429 908 2492 hic
929 2427 1072 2508 Pyrrhus
1092 2443 1313 2510 repraesentat

270 2531 452 2615 Neronem,
480 2533 571 2610 eujus
585 2533 755 2612 ingenium
770 2545 803 2592 et
820 2534 856 2594 ιι
870 2533 931 2594 ista
953 2545 1056 2594 aetate
1078 2531 1232 2596 ferociam
1253 2553 1310 2594 oc·
1322 2535 1326 2541 ’

246 2647 249 2652 “
270 2633 364 2706 culte
378 2638 532 2717 expressit
545 2633 645 2698 etsub
653 2633 904 2722 Agamemnonis
911 2655 1048 2717 persona
1061 2637 1201 2716 castigat.
1228 2636 1312 2718 Pyr·

268 2738 348 2802 rhus
365 2751 413 2802 est
426 2720 620 2826 πρόσωπον
637 2729 895 2824 duotaipsetor:
922 2737 1061 2806 Neroro
1053 2725 1308 2830 δηλούμενον.

269 2839 319 2910 Εο
345 2853 490 2938 spectant
506 2841 572 2916 illa,

355 2969 497 3030 Iuvenile
515 2971 633 3033 vitiem
652 2980 710 3045 est,
744 2989 852 3054 regere
875 2989 941 3030 non
963 2987 1056 3050 poste
1079 2967 1243 3053 impetum.

149 3133 153 3150 ·
269 3113 305 3161 et
328 3098 489 3182 praeclara
513 3095 583 3181 ista,

249 3271 251 3274 .
356 3201 431 3309 ¹Quo
454 3229 546 3328 plura
566 3223 691 3309 possis,
720 3229 812 3308 plura
833 3224 995 3310 patienter
1015 3225 1111 3290 feras.

272 3332 306 3422 ei
326 3355 459 3437 reliqua.
540 3353 623 3418 Nam
643 3368 682 3416 ut
705 3353 847 3418 Graecus
869 3354 928 3416 sub
948 3375 1086 3444 persona
1106 3355 1315 3440 Menalippes

271 3461 441 3544 opiniones
454 3439 524 3520 rues
546 3441 740 3541 exponebat:
767 3459 813 3522 ita
835 3457 957 3520 Seneca
980 3457 1038 3523 eub
1060 3459 1315 3540 Agamemnonis

226 3551 236 3623 ¹.
269 3577 483 3648 tyrannorum
505 3579 611 3624 mores
636 3561 786 3626 ostendit.
842 3561 951 3642 Quare
970 3581 1046 3626 cum
1068 3565 1187 3644 partim
1210 3563 1315 3628 Troa-

267 3664 323 3728 'dar
344 3667 451 3741 illius,
482 3666 599 3746 partim
623 3665 721 3726 etiam
746 3662 916 3728 Hecubam
942 3667 1153 3746 exprimeret,
1200 3665 1315 3730 locum

269 3774 370 3838 istum
382 3791 450 3834 non
460 3769 604 3841 invenit,
631 3765 687 3828 sed
708 3765 806 3831 dedit.
839 3769 922 3828 sicut
943 3779 976 3828 et
996 3787 1168 3850 personam
1189 3783 1314 3835 utram-

272 3893 344 3958 que.
398 3870 544 3936 Multurn
577 3891 615 3932 eo
642 3882 765 3932 veteres
793 3869 1042 3932 delectabantur.
1095 3871 1314 3936 Adducuntur

271 3977 367 4041 rerba
384 3976 403 4038 ι
422 3974 645 4038 Grammaticis
659 3971 783 4052 divina,
817 3972 933 4060 quibus
954 3987 1096 4036 mortem
1116 3975 1255 4038 Socratis
1276 3978 1315 4038 in

305 4228 332 4292 *ι
349 4229 406 4281 imo
418 4225 576 4296 Melanippo.
602 4224 665 4280 vta.
678 4223 814 4278 Muncler.
829 4223 863 4276 ad
873 4221 971 4293 Hygini
984 4223 1037 4276 feb·
1052 4223 1113 4276 nee.
