2782 4956
147 395 154 428 r
287 409 331 492 18
531 395 607 498 κι.
634 392 802 456 aunam
827 361 1026 456 euuuoan
1114 447 1123 468 ,
1213 473 1220 480 ,
1329 431 1344 454 -·

285 609 369 652 uno.
398 587 489 667 Quot
501 585 564 648 iste
579 582 719 646 famulus
735 579 866 644 tradidit
879 601 972 662 reges
989 585 1078 646 neci!
1102 641 1105 652 ,
1151 640 1154 648 .

182 743 194 755 ,,
285 713 363 755 ure.
393 691 460 751 Cur
474 707 550 770 ergo
566 689 638 782 regi
649 688 758 760 servit,
787 699 820 748 et
831 686 953 768 patitur
968 687 1105 766 jugum?

287 817 370 858 uro.
398 793 538 873 Imperia
553 787 634 852 dura
647 789 738 863 tolle,
766 787 845 870 quid
857 790 960 850 virtus
975 791 1059 852 erit?
1156 803 1169 812 ”
1187 799 1198 842 .’

287 919 363 962 nro.
394 895 488 957 Obici
503 894 581 956 laris
590 883 813 973 monstrisque
828 893 982 954 virtutem
996 895 1114 975 puter?

113 1031 117 1038 ·
201 986 204 992 ¹
286 1023 371 1067 uuo.
399 998 536 1061 Virtutis
555 995 757 1068 estdornare,
785 1013 867 1076 quae
882 997 1161 1078 otmctiparent·
1250 1019 1345 1084 435

268 1127 365 1182 ‚nro
392 1101 561 1164 Tenebrae
575 1099 767 1180 loquentem
782 1095 899 1179 magua
911 1098 1083 1165 Tartareae
1099 1121 1265 1184 premunt.

93 1270 114 1298 „
238 1199 1027 1296 Vuro.Nouestadastramollis,etenisria.
1134 1263 1137 1270 ,

242 1356 252 1377 .
288 1333 364 1375 rrc.
394 1307 469 1388 Quo
483 1320 574 1389 patre
589 1307 716 1388 genitur
732 1303 889 1367 coelitum
901 1318 1008 1386 eperat
1022 1305 1158 1372 domos?

189 1465 201 1474 .
287 1435 397 1478 rura.
425 1407 609 1474 Miseranda
622 1410 739 1486 conjux
754 1407 905 1470 Herculis
920 1410 1033 1490 magni
1046 1411 1124 1475 sile:

151 1553 155 1562 ,
287 1521 398 1582 Partes
409 1533 502 1577 meae
516 1525 593 1574 sunt
603 1511 740 1574 reddere
754 1509 886 1574 Aloidae
900 1524 1025 1592 petrem
1254 1535 1345 1600 440

224 1637 227 1644 '
287 1622 467 1702 Genusque
479 1635 602 1680 verum.
645 1615 724 1676 Post
740 1627 791 1676 tot
799 1616 943 1696 ingentis
961 1617 1023 1677 viri

242 1729 246 1736 '
287 1719 501 1792 Memoranda
513 1719 607 1794 lacta,
627 1731 771 1804 postque
783 1720 933 1799 pacatum
947 1737 1058 1795 manu,

290 1825 516 1909 Quodcunque
532 1821 631 1884 Titan
647 1833 737 1881 ortus
751 1833 784 1882 et
796 1819 907 1882 labens
921 1821 1018 1896 ridet,

289 1933 368 1994 Post
380 1939 524 1989 monstra
536 1937 587 1987 tot
600 1923 791 2007 perdomita,
819 1936 893 2005 poet
906 1923 1081 2007 Phlegram
1094 1927 1197 2011 impio
1263 1957 1269 1962 ·

290 2035 576 2117 Sparsammuore,
602 2041 739 2110 postque
754 2026 1004 2102 defensorum,
1252 2047 1341 2115 445

173 2120 175 2128 ‚
289 2135 445 2202 Nondum
456 2133 561 2214 liquet
573 2129 613 2191 de
627 2131 740 2212 patre?
756 2133 946 2192 mentimur
960 2129 1098 2192 lovem?

290 2239 428 2302 lunonis
444 2235 519 2298 odio
533 2233 636 2296 crede.
690 2253 767 2294 arc.
796 2233 886 2313 Quid
898 2233 997 2296 violat
1012 2232 1151 2298 lovem?

238 2358 239 2362 ’
291 2341 433 2408 Mortale
448 2339 538 2402 coelo
556 2357 624 2400 non
636 2350 745 2419 potest
757 2337 851 2420 jungi
865 2355 978 2418 genus.

292 2447 401 2510 auru.
431 2442 622 2504 Communis
633 2442 695 2502 ista
707 2438 853 2521 pluribus
867 2439 1112 2504 eausaeetdeir.
1167 2471 1170 2478 =
1238 2429 1248 2434 ⁸

189 2545 239 2568 '⁴
293 2570 370 2611 oro.
400 2545 569 2608 Famuline
584 2545 715 2606 fuerant
727 2555 803 2606 ante
817 2561 915 2623 quam
926 2541 1045 2606 fierent
1058 2545 1133 2606 dei?
1236 2563 1339 2630 ,450

292 2671 403 2734 nuru.
422 2649 544 2714 ,Pastor
560 2635 721 2716 Pheraeos
735 2645 850 2708 Delius
862 2647 950 2727 pavit
963 2663 1085 2729 greges.

293 2775 371 2818 nro.
400 2751 464 2814 Sed
475 2771 543 2812 non
558 2770 618 2832 per
636 2769 748 2825 ornnes
761 2745 839 2810 exul
852 2750 971 2811 erravit
987 2749 1103 2832 plagas.
1114 2798 1122 2814 .
1133 2797 1161 2816 ..
1210 2785 1212 2792 ·

249 2883 254 2910 t
295 2877 404 2922 rura.
434 2855 543 2938 Quem
558 2853 696 2935 profuga
708 2865 793 2914 terra
805 2865 910 2914 mater
922 2867 1049 2916 errante
1062 2853 1174 2918 edidit.

294 2981 372 3025 ruo.
401 2960 475 3021 Non
488 2970 632 3018 monstra
644 2973 750 3017 saevas
763 2953 914 3018 Phoebus
925 2969 985 3018 aut
997 2959 1110 3020 timuit
1123 2959 1217 3022 laras.
1307 3000 1310 3009 -

224 3087 226 3098 ·
260 3065 264 3072 '
296 3083 405 3126 rura.
433 3061 561 3122 Primus
574 3061 701 3144 sagittas
717 3059 837 3120 imbuit
849 3057 976 3122 Phoebi
991 3057 1096 3123 draco.
1163 3103 1172 3114 ,
1252 3076 1338 3145 455

231 3161 243 3180 ⁸
296 3187 372 3232 aro.
400 3165 507 3244 Quam
523 3163 629 3244 gravia
640 3181 755 3244 parvus
768 3161 882 3224 tulerit
893 3163 1023 3243 ignoras
1037 3162 1142 3246 mpla?

296 3289 405 3333 auru.
431 3267 459 3328 E
475 3269 585 3346 matria
603 3279 701 3328 utero
713 3263 852 3326 fulmine
867 3265 986 3342 ejectus
1000 3285 1085 3348 puer

296 3369 376 3434 Mox
388 3369 576 3460 fulminanti
587 3370 753 3450 proximus
767 3368 851 3448 patri
861 3370 961 3432 stetit.

283 3474 396 3555 .Quid,
424 3475 480 3555 qui
493 3471 651 3554 gubernat
663 3485 768 3550 astra„
782 3471 839 3551 qui
851 3471 953 3539 nubea
967 3472 1094 3552 quatit?
1195 3495 1201 3513 ·
1283 3497 1289 3506 ·

295 3579 371 3641 Non
385 3577 480 3638 latuit
493 3575 599 3638 inians
613 3575 702 3654 rupit
717 3569 832 3636 Idaeae
844 3557 964 3654 specu?
1191 3624 1201 3634 ..
1244 3581 1333 3661 ‚460

296 3681 442 3744 Sollicita
454 3681 536 3740 tanti
552 3681 656 3760 pretia
667 3677 786 3745 natales
801 3675 932 3752 habent,

135 3821 140 3840 ·
210 3785 215 3792 ’
296 3786 495 3867 Semperque
507 3801 625 3864 magno
643 3781 789 3845 constitit
801 3783 889 3842 narei
900 3780 1009 3846 detnn.

294 3908 373 3950 arc.
401 3887 638 3967 Quemcunque
653 3885 810 3946 misarum
823 3883 951 3959 videris,
977 3886 1147 3948 hominem
1159 3887 1250 3950 acme.

295 4006 404 4054 aura.
427 3987 797 4070 Quemcunquelortem
810 3985 938 4062 videris,
964 3989 1121 4051 miserum
1134 3973 1245 4073 neges.
1301 4034 1303 4042 ·

295 4113 372 4158 nro.
395 4093 527 4154 Fortem
542 4109 705 4166 vocemus,
729 4091 821 4169 cujus
837 4111 877 4154 ex
892 4091 1035 4156 humeris
1052 4093 1117 4166 leo,
1247 4097 1331 4178 ‚465

293 4197 428 4272 Donum
442 4189 570 4276 pu'ellae
582 4194 696 4272 lactus,
723 4207 757 4256 et
770 4193 858 4256 clava
871 4194 998 4272 excidit,
