2760 4954
270 359 321 472 gs
353 414 359 432 ·
399 365 403 380 '
540 378 1018 476 ,1.111111118111111011

195 612 197 619 .
270 575 340 638 Nec
363 593 431 638 una
453 593 520 637 nox
546 589 609 638 est:
640 564 737 641 densa
759 579 906 646 tenebras
932 583 1041 648 obruit
1232 603 1309 670 470
1375 669 1376 690 ¹

270 679 406 764 Calig02
449 693 483 742 et
509 682 599 742 omni
622 679 694 744 luoe
718 679 874 760 enbdneti
898 685 1021 750 fretum

144 833 147 844 .
234 818 236 827 ·
270 783 474 864 Coelumque
497 785 619 846 miscet.
673 783 822 868 Undique
844 789 1042 853 incumbunt
1065 791 1177 880 simui,

187 959 193 978 Ι
269 887 476 968 Rapiuntquo
499 887 630 969 pelagus
663 887 781 952 infimo
807 908 955 956 eversum
980 893 1051 956 solo

196 986 198 997 ’
266 989 423 1052 Adversus
449 989 537 1052 Euro
565 991 729 1074 Zephyrus
756 1003 789 1054 et
813 991 938 1058 Boreae
962 996 1079 1064 Notus.
1175 1071 1178 1082 ¹

266 1095 333 1156 Sua
357 1095 652 1180 quisquemittunt
676 1093 759 1170 telo,
795 1108 828 1158 et
850 1097 964 1193 infesti
988 1097 1112 1179 fretum
1232 1117 1308 1186 475

263 1196 475 1262 Emoliontur
500 1197 615 1274 (turbo
642 1197 959 1281 convolvit-mare)=
1078 1223 1081 1230 ·

263 1301 468 1382 Strymonius
493 1300 571 1364 altas
597 1301 716 1382 Aquilo
751 1281 944 1385 coniorquet
967 1307 1068 1384 niver,

262 1405 470 1486 Libycusque
495 1423 607 1466 arenas
639 1403 759 1480 Auster
782 1403 822 1468 ad
847 1404 955 1488 Syrtes
981 1412 1057 1490 agit.
1138 1406 1140 1414 ’

261 1509 333 1571 Nec
357 1509 469 1570 m'anet
493 1510 530 1572 in
555 1508 693 1570 Austro:
725 1508 768 1572 fit
792 1511 894 1590 gravis
920 1512 1041 1576 nimbis
1066 1511 1186 1593 Notus,

260 1611 372 1675 Imbre
396 1624 494 1694 auget
517 1611 638 1682 undas;
672 1610 777 1674 Eunrs
802 1609 975 1676 Orientem
999 1631 1119 1694 movet,
1229 1624 1305 1698 480

259 1715 448 1780 Nabathaea
472 1717 618 1796 quatiens
643 1733 743 1808 regna
768 1727 802 1776 et
825 1714 911 1778 Eoos
937 1718 1035 1780 sinus.
1063 1775 1067 1782 ,
1147 1743 1154 1758 ·

260 1819 351 1900 Quid
375 1817 503 1901 rapidus
529 1838 586 1880 ora
612 1818 716 1880 Gonu
744 1816 876 1882 Oceano
900 1823 1075 1887 exserens?

257 1922 423 1986 Mundum
448 1921 563 1984 revelli
587 1921 715 1984 sedibus
736 1933 848 1984 totum
872 1925 949 2000 suis,

111 2091 120 2104 κ
256 2025 410 2110 Ipsosqde
435 2039 531 2108 rupto
558 2025 703 2101 crederes
729 2012 820 2096 coeio
846 2022 924 2090 deos

256 2129 436 2206 Decidere,
465 2143 499 2190 et
524 2143 631 2190 atrum
654 2125 750 2190 rebus
773 2127 885 2190 induci
918 2128 1028 2194 chaos·
1212 2139 1301 2214 ,485

256 2235 366 2297 Vento
391 2234 512 2296 resistit
537 2246 661 2306 aestus,
689 2245 722 2294 et
745 2243 858 2296 ventus
883 2245 970 2294 retro

254 2339 392 2402 Aenum
416 2337 562 2401 revolvit.
615 2337 692 2396 Non
716 2335 802 2415 capit
826 2353 894 2396 sese
918 2355 1025 2412 mare,

255 2441 430 2524 Undasque
454 2443 594 2504 miscent
618 2439 724 2500 imber
749 2449 783 2500 et
805 2437 924 2500 fluctus
949 2459 1033 2501 suas.

254 2546 324 2610 Nec
349 2545 413 2608 hoc
436 2545 585 2610 levamen
612 2541 753 2623 denique
776 2541 938 2604 aerumnis
963 2541 1071 2618 datter,

252 2649 375 2712 Videre
399 2625 515 2714 saltem
537 2659 574 2708 'et
598 2665 709 2718 nosse,
737 2665 801 2726 quo
825 2659 960 2726 pereant
982 2645 1087 2708 melo:

251 2753 412 2816 Premnnt
436 2750 590 2814 tenebrae
614 2750 756 2824 lorraine,
790 2759 822 2810 et
847 2746 934 2810 dirae
959 2741 1067 2830 Stygis

250 2857 385 2918 Inferna
409 2875 475 2918 nox
500 2867 557 2918 est
610 2851 772 2916 Excidunt
794 2851 886 2932 ignes
910 2864 1032 2928 tamen,

249 2959 296 3024 Et
320 2959 410 3022 nube
435 2957 543 3020 dirum
568 2957 696 3020 fulmen
721 2952 799 3018 elisi
829 2956 943 3026 micat;

248 3061 446 3144 Miserisque
468 3061 550 3150 locis
574 3073 667 3122 tanta
691 3055 826 3121 dulcedo
850 3047 918 3120 'ests
950 3057 1038 3120 maie

248 3271 294 3333 Et
316 3289 414 3352 prora
437 3287 554 3352 prorae
578 3268 710 3342 nocuit,
734 3267 780 3327 'et
804 3265 898 3326 lateri
922 3264 1016 3326 latus.

246 3371 343 3437 Iliam
367 3375 534 3438 dehiscens
559 3384 678 3453 pontus
711 3369 748 3431 in
771 3387 920 3452 praeceps
944 3368 1030 3448 rapit

245 3477 446 3562 Hauritque,
473 3491 507 3538 et
531 3476 596 3536 alto
622 3472 781 3536 redditam
804 3471 943 3534 revomit
966 3471 1065 3545 mari;

134 3646 141 3658 ,
244 3581 337 3644 Haec
362 3601 460 3643 onere
485 3577 577 3650 eidit3
610 3577 666 3640 illa
690 3573 880 3638 convulsum
904 3573 987 3634 latus

246 3683 416 3747 Submittit
441 3683 554 3752 undis;
588 3681 706 3744 fluctus
731 3679 816 3740 hanc
840 3675 982 3739 decimus
1006 3677 1107 3757 tegits
1212 3693 1288 3762 5⁰⁰

244 3787 336 3850 Haeo
358 3787 465 3849 lacera
491 3799 524 3848 et
550 3787 641 3848 omni
666 3781 782 3846 decore
805 3780 959 3863 populato
985 3778 1065 3858 leyia

244 3891 384 3961 Fluitat;
417 3911 479 3952 nec
510 3887 562 3953 illi
587 3888 676 3964 vele,
710 3905 772 3950 nec
797 3875 907 3951 tonate
931 3894 1076 3959 manent,

242 3993 314 4054 Nec
338 4007 444 4055 rectus
470 3993 547 4054 altas
573 3990 676 4055 malus
702 4002 856 4054 antenna·
881 3988 1001 4064 ferens,

244 4095 310 4158 Sed
335 4109 448 4158 trunca
472 4109 544 4158 toto
569 4091 804 4178 puppiszlonio
829 4103 941 4154 natat·

244 4195 304 4260 Nil
327 4201 410 4264 ratio
438 4214 471 4264 et
497 4220 572 4264 usus
600 4197 714 4260 audet:
741 4215 790 4259 ars
816 4196 911 4260 cessit
934 4191 1043 4258 malin.
1212 4207 1286 4276 5⁰5
1375 4263 1376 4280 ,

32 3137 35 3147 ¹
127 3156 131 3175 ¹
248 3153 463 3230 Hoc.lumen
488 3177 611 3247 optant.
663 3159 736 3246 Ipsa
760 3181 795 3224 so
821 3159 924 3224 elassis
948 3161 1078 3242 premit,
1216 3173 1293 3246 495
1375 3139 1376 3192 3
