2790 4948
415 434 617 500 OCTAVIA.
668 435 813 500 seur
929 383 934 390 ⁵
1062 455 1130 526 153

95 648 207 690 uusu.
242 627 298 688 Vis
333 643 446 707 magna
476 624 590 708 populi
623 639 678 688 est.
734 643 821 688 occu
846 621 1003 710 Principis
1027 632 1130 710 major

387 761 397 772 ·
714 743 834 795 tamen.

97 853 210 895 nura.
238 833 400 913 Respiciet
414 833 479 912 ipse
493 833 672 913 conjugem.
717 853 792 894 ocr.
809 831 1026 896 Pellexretat.
1060 817 1130 922 1'85
1193 841 1202 846 '

96 957 212 998 uuus.
236 935 341 997 Invisa
354 937 475 998 cunctis
496 953 624 1018 nempe.
679 953 754 996 ocu.
774 934 838 996 Sed
851 955 926 998 cara
941 951 987 1000 est
1000 937 1077 999 viro.

97 1060 210 1102 rausa.
239 1039 393 1102 Nondum
417 1057 497 1100 uxor
523 1049 579 1100 est.
634 1057 710 1100 oor.
733 1037 810 1100 ‘lam
834 1036 909 1117 fiet,
936 1054 969 1102 et
994 1041 1132 1123 genitrix

718 1139 824 1204 simul.
865 1175 870 1184 ›

99 1265 212 1308 uuor.
242 1243 397 1308 iuvenilis
424 1246 517 1308 ardor
540 1247 667 1328 impetu
691 1247 797 1326 primo
830 1242 927 1316 iurit;

98 1348 297 1430 Languescit
319 1349 409 1410 idem
432 1349 543 1424 facile,
579 1369 640 1412 nec
661 1347 758 1408 'durat
783 1347 840 1409 diu

99 1451 144 1514 In
170 1471 287 1512 venere
314 1455 418 1533 turpi,
446 1471 503 1514 ceu
527 1452 606 1512 levis
631 1451 782 1513 flammae
808 1470 921 1536 vaposs
1066 1469 1135 1537 190

100 1556 205 1616 Amor
229 1557 378 1636 parennis
403 1557 545 1636 conjugis
572 1567 675 1616 castae
705 1568 824 1616 manet.
1039 1597 1053 1638 s

100 1657 235 1718 Violure
259 1659 363 1739 prima
389 1677 468 1739 quae
493 1671 583 1719 toros
607 1677 684 1720 ausa
709 1671 756 1718 est
781 1671 865 1737 tuos,

101 1757 322 1842 Animumque
347 1759 470 1821 domini
502 1760 622 1821 famula
646 1759 786 1842 possedit
811 1742 879 1834 dii,
982 1805 985 1813 ,

46 1928 50 1939 ⁸
102 1862 178 1924 lam
203 1867 321 1925 metuit
345 1861 466 1924 eadem.
521 1881 595 1924 ocr.
625 1864 751 1945 Nempe
773 1863 950 1944 praelatam
974 1865 1036 1932 sibi
1123 1905 1131 1916 =

103 1967 256 2044 Subjecta
270 1979 302 2026 et
316 1966 467 2036 humilis;
492 1959 596 2047 'atque
620 1980 833 2027 monumenta
858 1970 986 2046 extruit,
1068 1985 1137 2056 193

105 2069 233 2150 Quibus
258 2071 411 2130 timorem
436 2069 515 2128 sassa
539 2080 675 2128 testatur
699 2067 801 2130 suum'.

105 2193 215 2234 rsurs.
245 2172 287 2232 Et
312 2171 395 2231 hanc
419 2172 498 2232 levis
524 2170 685 2252 fallaxque
711 2171 863 2234 destituet
888 2173 967 2238 deu·

103 2275 248 2336 volucer
275 2274 412 2356 Cupido.
433 2335 442 2348 ,
466 2272 515 2334 Sit
539 2272 616 2334 licet
641 2275 746 2335 forma
773 2277 928 2354 eminens,

106 2379 231 2460 Opibus
256 2377 405 2459 superbas
446 2375 599 2458 gaudium
624 2381 729 2459 capiet
752 2378 858 2442 breve.

104 2483 203 2542 Passa
225 2495 280 2570 ⁸est
302 2479 421 2542 similes
447 2480 517 2562 ipsa
542 2477 705 2544 dolores*
852 2501 880 2548 a.
899 2482 929 2548 d.
948 2497 981 2547 et
994 2503 1038 2550 m.
1066 2505 1139 2558 200

104 2587 232 2666 Regina
258 2583 365 2659 deum,
418 2643 420 2646 ,
674 2597 675 2600 ’

106 2687 194 2750 Cum
220 2708 254 2748 se
281 2688 399 2770 formas
426 2688 522 2747 vertit
545 2689 581 2749 in
608 2705 720 2750 omnes

107 2791 269 2852 Dominus
294 2791 377 2852 coeli
403 2789 580 2872 “divumque
605 2803 706 2870 pater,
740 2861 746 2872 .

104 2895 149 2956 Et
175 2894 273 2954 modo
299 2911 422 2974 pennas
445 2895 559 2956 sumsit
583 2891 691 2968 oloris,

105 2997 209 3059 Modo
236 2996 362 3058 Sidonii
387 3015 508 3056 cornua
532 2997 630 3070 tauri,

106 3101 234 3162 Aureus
259 3099 346 3162 idem
372 3098 468 3160 fluxit
493 3101 528 3160 in
553 3099 662 3178 imbri.

107 3203 249 3284 Fulgent
275 3203 365 3263 coelo
392 3201 495 3262 sidera
519 3201 643 3270 Ledaa;

106 3307 218 3370 Patrio
241 3303 358 3368 residet
384 3303 525 3364 Bacchus
553 3303 713 3386 Olympo;

108 3409 201 3472 Deus
228 3407 354 3470 Alcides
377 3407 519 3488 possidet
544 3405 671 3480 Heben,

95 3513 179 3582 *Nec
206 3509 341 3572 lunonis
365 3511 430 3590 jam
454 3512 549 3570 timet
573 3512 644 3582 iras,

111 3616 212 3692 Cujus
239 3633 338 3694 gener
365 3627 426 3688 est,
471 3615 526 3694 qui
550 3611 614 3672 fuit
638 3609 748 3674 hostis.

110 3719 199 3778 Vicit
225 3719 350 3798 sapiens
377 3730 486 3778 tarnen
511 3714 700 3796 obsequium

114 3821 269 3901 Coniugis
296 3819 380 3880 altae
403 3836 589 3900 pressusque
615 3815 726 3878 dolore

113 3923 191 3987 Sola
216 3915 399 3996 Tonairtem
424 3934 515 3982 tenet
539 3920 683 3982 aetherio

115 4029 236 4090 Secura
259 4037 331 4086 toro
357 4027 495 4085 maxima
521 4023 646 4108 luno;⁸

114 4133 184 4192 Nec
209 4127 339 4190 mortali
364 4141 472 4208 captus
496 4125 603 4188 sormi

117 4235 247 4296 Deserit
271 4231 370 4292 altem
397 4229 521 4313 Jupiter
545 4227 672 4292 aulam.-
