2760 4954
146 484 149 496 Ι
277 401 323 476 48
558 357 795 458 restauret
822 381 1037 458 sauecun'

279 603 387 644 surr.
415 581 503 644 Tuta
521 557 577 646 ¹est
601 541 744 666 latetque
768 581 879 666 culpa,
912 586 939 648 si
964 585 1100 668 peterit,
1143 597 1213 646 tua.

174 700 182 713 ’
278 705 378 748 eurr.
406 684 557 748 Perlucet
583 705 679 749 omne
704 689 812 768 regiae
837 689 954 750 vitium
980 688 1104 750 domds.

266 807 387 852 nuru.
414 787 508 870 Piget
532 791 665 872 prioris,
701 802 733 850 et
757 807 880 852 novum
905 792 1029 854 crimen
1054 791 1172 854 struis?
1282 807 1286 814 ’

277 891 804 984 curr.1lesestprclectostolta
818 893 1122 976 nequitipemodns.
1250 907 1318 974 150
1372 913 1373 920 ¹

174 1061 177 1076 .
275 1014 384 1056 uuru.
414 993 513 1075 Quod
535 996 670 1069 metuit,
696 1007 809 1076 suget,
836 999 894 1078 qui
909 997 1012 1060 scelus
1031 999 1154 1060 scelere
1168 997 1298 1058 obruit.

275 1117 376 1158 cerr.
405 1097 447 1160 Et
472 1099 597 1160 ferrum
623 1111 656 1158 et
680 1099 763 1180 iguis
789 1117 885 1180 saepe
908 1099 1089 1168 medicinae
1113 1101 1189 1162 loco
1219 1113 1283 1161 ert.

228 1219 234 1240 ¹
274 1219 383 1292 upra.
411 1199 564 1264 Extrema
587 1203 693 1283 primo
718 1221 816 1264 nemo
847 1206 984 1266 tentavit
1007 1204 1092 1271 loco.

192 1330 194 1338 ·
226 1280 231 1288 ¹
275 1323 376 1366 corr.
404 1303 570 1387 Rapienda
593 1302 688 1393 rebus
712 1307 750 1366 iu
774 1304 867 1368 malis
898 1319 1049 1390 praeceps
1074 1309 1127 1369 via
1152 1319 1211 1369 est.

167 1461 169 1464 .
274 1423 384 1470 uuna.
411 1408 454 1467 At
478 1421 513 1470 te
536 1407 683 1470 reflectat
708 1409 852 1490 conjugis
873 1427 996 1486 nomen
1021 1430 1157 1472 samumt
1247 1423 1317 1489 155

275 1529 375 1572 curu.
403 1509 527 1574 Decem
543 1531 611 1594 ¹per
635 1529 736 1574 annos
759 1509 860 1574 'vidua
884 1515 1052 1594 respiciam
1077 1514 1211 1576 ritum?

167 1604 170 1612 ’
275 1615 383 1674 uuna.
412 1613 600 1676 Meminisse
625 1615 721 1676 debet
747 1613 867 1676 sobolis
893 1635 932 1678 ex
956 1613 1015 1681 illo
1040 1629 1127 1678 tuae.

274 1737 374 1778 eurr.
403 1715 563 1798 Equidem
588 1731 621 1780 et
644 1717 766 1799 jugales
789 1715 877 1780 filiae
901 1721 1038 1790 memini
1064 1719 1160 1794 faces,

147 1863 150 1868 ,
272 1819 316 1882 Et
341 1838 498 1902 generum
522 1821 693 1884 Achillem.
745 1821 912 1883 Praestitit
942 1825 1039 1884 matri
1063 1821 1181 1886 fidem!
1255 1833 1258 1840 '
1373 1829 1374 1892 l

237 1917 244 1973 ξ
274 1943 382 1984 nure.
411 1923 563 1986 Redemit
585 1924 642 1987 illa
667 1924 771 2010 clpssis
797 1925 953 1987 immotae
978 1942 1093 2002 moras,
1244 1929 1313 1993 160

272 2025 315 2086 Et
340 2028 442 2087 maria
465 2029 558 2110 pigro
584 2027 647 2090 fixa
676 2027 834 2110 languore
858 2028 999 2110 impulit.

273 2149 373 2190 cerr.
402 2129 497 2211 Piget
519 2130 683 2212 doletque!
718 2129 894 2211 Tyndaris,
922 2129 1006 2193 coeli
1031 2151 1145 2214 genus,

145 2235 146 2239 ’
270 2231 422 2293 Lustrale
446 2232 537 2296 classi
560 2233 698 2295 Doricae
721 2234 833 2316 peperi
859 2239 975 2315 caput!

270 2335 421 2396 Revolvis
447 2338 573 2398 animus
597 2339 728 2418 virginis
753 2335 911 2398 musmo·
935 2357 1039 2414 ruere,

237 2473 254 2499 t
272 2439 362 2518 Quos
387 2437 454 2500 ille'
469 2439 592 2523 dignor
608 2438 743 2521 Pelopid
768 2439 848 2502 fecit
873 2437 981 2516 domo,

271 2541 357 2602 Cum
382 2543 472 2603 stetit
495 2542 536 2604 ad
561 2561 629 2604 aras
655 2563 712 2604 ore
737 2541 882 2605 sacrifico
907 2541 1011 2626 pater'
1128 2613 1132 2624 ¹
1196 2583 1227 2633 ¹.

268 2644 377 2724 Quem
402 2627 578 2726 nuptialis!
613 2644 751 2708 Horruit
776 2644 911 2708 Colchas
935 2665 1012 2710 suae

268 2747 433 2832 Responsa
457 2749 545 2810 vocis
571 2760 604 2810 et
627 2749 812 2810 recedenter
838 2749 938 2812 focos.
1006 2819 1009 2828 ¹

270 2849 299 2910 Ο
325 2850 446 2912 scelera
469 2871 596 2934 semper
619 2851 790 2914 sceleribus
816 2851 946 2914 vincens
971 2852 1101 2914 domus!

269 2953 394 3014 Cruore
419 2967 531 3016 ventos
557 2939 709 3032 emimus,
735 2953 859 3018 bellum
883 2975 974 3018 nece.

268 3075 379 3116 rura,
405 3053 469 3120 Sed
493 3056 564 3120 vela
587 3061 709 3140 pariter
731 3057 823 3120 mille
848 3058 996 3120 iecerunt
1019 3071 1113 3120 rates.

177 3187 181 3219 ι
268 3177 369 3221 cerr.
396 3158 473 3222 Non
499 3173 547 3222 est
569 3159 674 3222 solute
698 3181 850 3242 prospero
876 3161 981 3224 classis
1007 3161 1085 3224 deo:

266 3261 371 3339 Ejecit
396 3257 488 3326 Auli·
520 3264 634 3346 impias
659 3277 758 3346 portu
781 3275 873 3326 rates.

266 3365 321 3426 Sic
347 3367 526 3448 auspicatus
551 3365 731 3446 bellunen
755 3367 873 3428 melius
899 3369 993 3448 gerit.
1038 3433 1042 3444 ,

267 3470 386 3530 Amore
412 3483 522 3551 ceptae
548 3483 672 3552 captus,
707 3472 861 3556 immotus
888 3489 993 3560 prece,

266 3553 438 3632 s‘mutaer
462 3575 569 3636 senus
594 3572 696 3654 npoaa
720 3573 868 3634 auseae·
892 3574 987 3645 uus,

135 3701 138 3708 ⁴
263 3673 389 3736 Ardere
413 3693 519 3736 sacres
543 3677 676 3756 virginis
700 3676 766 3754 jam
798 3689 871 3736 tum
895 3675 1016 3736 iterent.
1133 3713 1138 3732 s

263 3773 341 3837 Nou
364 3775 471 3840 illum
485 3757 628 3840 Achilles
652 3778 744 3840 flexit
765 3777 944 3840 indomitus
970 3778 1083 3849 minius

238 3877 340 3940 xNon
364 3877 438 3954 ille,
471 3879 557 3942 solus
583 3879 648 3942 ista
673 3883 730 3962 qui
754 3881 871 3944 mundi
895 3879 993 3954 videt,

155 3980 158 4000 ¹
262 3979 304 4042 Iu
327 4001 387 4042 nos
411 3979 516 4045 fidelis
543 4001 667 4066 augur,
705 3985 741 4045 in
766 3997 870 4065 captas
894 3983 991 4053 letiss
1082 4021 1086 4035 ·

209 4130 211 4136 .
263 4083 339 4144 Non
362 4085 500 4166 populus
524 4106 640 4170 aeger,
667 4097 702 4148 et
724 4087 905 4148 relucentes
930 4087 1015 4167 rogi:

261 4183 353 4250 Inter
377 4191 500 4254 ruentis
527 4187 684 4256 Graeciae
708 4203 847 4274 stragem
873 4187 1022 4258 ultimam
1066 4211 1071 4218 ¹
1107 4209 1147 4252 ἰ,
