2782 4956
109 526 114 538 ,
201 493 211 528 Ι

242 367 334 460 ιιι.
397 391 499 456 ιιιιι.
515 391 682 456 nuncu
697 391 757 454 nn
771 381 842 454 rats
854 389 1135 474 tuscolanus

181 573 187 582 ’
245 582 387 647 versibus
398 596 509 644 tamen
521 570 697 644 differunt(
720 599 800 662 quos
824 592 881 640 eut
903 575 1034 640 eosdem
1056 591 1204 661 ponunt,
1230 591 1291 641 sut

247 706 322 748 curn
340 685 410 752 aliis
430 687 580 768 jungunt.
659 684 699 746 In
720 684 824 746 tribus
848 683 919 746 istis
940 681 1036 744 Lucii
1053 684 1146 746 chosi
1162 682 1231 744 fere
1246 699 1288 742 er

245 788 518 870 hendecasyllabis
551 787 725 870 sapphicis,
776 786 1000 868 anapaesticis,
1052 784 1289 864 choriambicis,

247 894 404 976 glyconiis
427 903 584 955 constant.
619 890 733 973 quibus
760 889 817 965 alii
838 887 1003 972 interdum
1027 903 1116 952 extra
1139 889 1291 960 ordinem

188 1005 191 1015 “
244 998 442 1064 inseruntur.
482 993 695 1076 Pomponius
714 985 901 1066 Secundus,
936 994 992 1073 qui
1017 1011 1092 1054 cum
1113 991 1216 1054 Lucio
1240 993 1290 1052 vi·

247 1101 313 1174 xit,
340 1111 397 1158 aut
410 1097 533 1180 primus
559 1111 615 1158 aut
634 1101 712 1180 prae
738 1098 870 1158 caeteris
892 1094 1070 1176 dactylicos¹
1086 1108 1302 1158 tetrametros.

201 1214 204 1225 '
247 1203 354 1281 junxit
368 1203 405 1262 in
421 1200 537 1266 choris.
590 1200 668 1280 Ejus
686 1201 770 1260 sicut
791 1198 936 1260 aemulus
954 1213 1004 1274 et,
1040 1213 1078 1260 ut
1101 1198 1218 1264 Graeci
1242 1197 1292 1260 di·

160 1321 183 1360 ’.
250 1317 360 1368 serent
374 1305 534 1386 magistri,
563 1291 860 1377 dscsdsdciassloe
872 1290 936 1364 fuit
951 1301 1090 1374 Lusius,
1116 1303 1163 1366 ita
1183 1302 1291 1362 imita·

248 1421 301 1471 tor
329 1410 364 1469 in
385 1407 548 1490 hecparte
570 1386 709 1468 ΜιιιοιιιΙ
750 1405 967 1486 Terentianus
994 1405 1146 1482 (Putssh.
1162 1404 1290 1468 collect.

248 1528 320 1594 ses
338 1509 477 1592 2430)=

331 1627 373 1686 In
399 1627 584 1706 Ticgs’cs's'
564 1645 699 1701 Junesrs
720 1624 826 1684 clsors's
848 1623 932 1684 luae
958 1645 1050 1703 saepe
1071 1623 1185 1684 diserti

334 1709 487 1770 Annaeus
513 1711 646 1783 Seneca,
683 1721 713 1768 et
734 1711 939 1790 Pomponius
956 1721 1030 1768 ente
1053 1707 1227 1770 Secundus.

181 1819 186 1828 ’
249 1828 309 1890 nbi
330 1825 412 1888 illud
435 1835 517 1890 ante
539 1840 618 1890 ncta
640 1812 844 1917 densorum]
869 1839 934 1900 est,
976 1839 1014 1885 ut
1035 1838 1177 1899 constet,
1218 1839 1295 1891 nter

205 2010 212 2021 ι
251 1943 364 1996 utrum
378 1929 418 1990 sit
430 1921 584 1992 imitatus.
637 1929 721 1990 Nam
740 1947 832 2004 curn,
860 1941 898 1988 ut
909 1939 1108 2009 praenomen
1122 1927 1297 1993 Musica-

252 2033 362 2108 deret,
382 2039 457 2096 ‘non
472 2034 676 2114 permitteret
695 2044 839 2093 metrum
847 2030 897 2112 '),
923 2032 1023 2094 alium
1038 2031 1138 2094 fuisse
1153 2029 1297 2100 ostendit

133 2197 140 2214 Ι
253 2155 350 2218 quem
373 2139 526 2217 quicum
547 2135 729 2216 Pomponio
755 2133 889 2196 vivebat.
943 2125 1063 2197 Lucius
1086 2134 1296 2216 quemadmo-

224 2241 235 2274 s
254 2239 333 2302 dum
349 2240 384 2298 in
399 2237 486 2312 eliis,
513 2240 559 2300 ita
570 2238 625 2299 hic
644 2239 818 2324 Pomponii
840 2235 999 2314 judicium
1018 2238 1172 2320 neglexit.
1214 2237 1296 2310 ‚sn-

254 2357 324 2409 tem
337 2343 374 2403 in
388 2341 439 2422 his
450 2341 552 2404 tribus
566 2339 733 2422 nunquam
747 2353 795 2400 est
807 2353 946 2402 secutus.
999 2341 1113 2404 Plures
1129 2341 1205 2402 vero
1220 2361 1298 2404 nus·

256 2431 353 2527 quam
369 2447 400 2506 ei
414 2444 612 2509 tribuuntur.
665 2443 773 2506 Semel
793 2445 871 2506 vero
892 2443 1037 2506 Marcus:
1071 2446 1107 2508 in
1128 2443 1300 2527 Oedipode

255 2551 430 2662 nimirum,
457 2547 520 2610 ubi·
530 2548 665 2629 plurimi
677 2547 872 2628 dactyliciin
890 2549 1006 2623 choro,
1042 2535 1105 2628 qui.
1122 2567 1160 2610 ex
1183 2549 1299 2610 metris

258 2665 382 2713 constat
398 2639 585 2726 ἀτάκτοις,
621 2652 811 2731 junguntur.
863 2649 932 2711 Id
922 2664 969 2712 rte
987 2650 1141 2717 studiose
1158 2649 1299 2715 Graeco·

257 2775 333 2816 rum
349 2757 452 2816 critici
466 2753 641 2828 notabant,
667 2767 705 2814 ut
720 2753 882 2836 plerisque
898 2753 1117 2844 versilsusnon
1131 2754 1193 2814 ab'
1184 2773 1301 2818 tuven-

257 2871 348 2930 tore,
374 2857 429 2917 sed
443 2851 516 2918 ab
500 2877 538 2916 eo
556 2878 612 2937 qur
602 2855 858 2938 “‘irequenter
837 2877 875 2918 us
901 2871 1067 2934 uteretur,
1098 2877 1221 2936 nomen
1241 2875 1301 2938 po·

258 2961 393 3022 suerint.
444 2959 494 3020 lta
508 2959 635 3035 docent,
664 2959 783 3024 Teium
796 2959 1045 3038 Anacreontesn,
1073 2981 1148 3022 cusn
1161 2961 1302 3022 Athenis

160 3057 166 3065 ’
262 3075 343 3126 esset
357 3081 392 3122 ac
406 3076 527 3124 amaret
543 3061 696 3137 Critiarn,
723 3083 830 3146 neque
851 3083 965 3146 parum
983 3064 1127 3128 lectione
1149 3063 1304 3145 Aeschyli

261 3165 493 3242 delectaretur,
534 3165 785 3228 Anacreonticos
815 3167 882 3244 ejus
903 3167 1050 3250 exemplo
1079 3167 1210 3241 fecisse,
1245 3167 1304 3248 qui

233 3337 240 3346 ,
260 3263 324 3332 hoc
338 3289 459 3330 nomen
473 3283 585 3352 postea
598 3269 819 3330 obtinuerunt.
872 3267 992 3331 Lucius
1004 3271 1150 3352 vulgares
1166 3249 1305 3352 sapphi'·

261 3393 315 3434 cos
330 3392 416 3434 novo
430 3372 515 3460 pede·
527 3375 564 3434 in
579 3371 721 3434 secundo
743 3373 850 3453 iregit.
903 3372 1016 3457 Itaque
1030 3389 1163 3456 propter
1176 3387 1304 3454 tempo-

261 3493 335 3537 rum
351 3475 586 3558 aequalitatem.
640 3476 747 3560 Atque
763 3476 826 3536 hoc
840 3475 891 3537 illi
910 3477 980 3539 iere
994 3491 1043 3539 est
1057 3489 1262 3560 perpetuum.

295 3729 321 3799 *)
339 3729 488 3782 Fallitur
463 3747 504 3782 vu·
516 3729 646 3798 optimus,
665 3727 795 3798 siquiden
812 3725 889 3782 nullo
903 3729 1011 3800 negotio
1018 3729 1152 3834 enses,
1168 3727 1190 3782 si
1204 3745 1248 3785 res
1260 3737 1309 3784 tu·

282 3813 419 3878 lutet,
437 3815 614 3892 Terentianus
631 3816 731 3886 potnit:

402 3890 441 3968 Iu
453 3917 601 3988 Tragicis
593 3937 702 3986 junxere
719 3917 807 3972 choris
823 3911 905 3972 hunc‘
911 3935 989 3989 saepe
1007 3918 1098 3972 diserti

405 3999 447 4056 Et
467 4001 588 4058 Marcus
605 4007 706 4059 Seneca
723 4005 798 4060 sst’.
816 4021 840 4058 s·
860 4005 890 4061 S.

332 4101 483 4159 Videndum
498 4107 531 4158 de
545 4105 596 4158 lsoc
609 4104 669 4159 loco
679 4107 739 4160 lah.
755 4109 831 4162 lsssii
847 4107 961 4162 Pontsni
975 4107 1185 4182 Prolegotnenon
1193 4145 1203 4177 ,
1221 4109 1309 4166 Hein-

336 4191 409 4245 siano
424 4192 612 4290 rabiosorum,¹
621 4193 758 4268 derisorum
773 4193 965 4266 tragoediarum
974 4191 1157 4266 scriptoribus.
1190 4269 1199 4280 .
