2790 4948
803 243 807 270 l

431 409 638 477 ocravu.
687 409 791 487 aar.
808 411 836 474 1.
900 479 903 488 ,
1057 371 1136 490 '151

94 605 139 682 Et
164 603 248 664 fessa
272 599 355 662 fletu
380 597 506 662 lumina
531 601 687 682 oppressit
711 605 823 684 sopor!

93 705 199 765 Modo
226 704 349 764 facibus
376 705 451 764 atris
484 717 585 780 armet
609 701 753 767 infirmas
779 723 903 778 uranus,

93 809 283 889 Oculosque
310 821 343 868 et
369 825 424 868 ora
457 806 564 868 fratris
587 806 728 872 infestus
750 809 851 888 petit;

90 911 197 971 Modo
223 909 366 991 trepidus
391 909 480 970 idem
504 909 626 990 refugit
651 911 687 970 in
712 909 868 972 thalamos
894 929 1002 980 measa

86 1015 304 1094 Persequitur
329 1013 445 1088 hostis,
478 1026 574 1093 atque
599 1013 783 1077 inhaerenti
807 1013 892 1076 mihi
1061 1030 1130 1082 120
1202 1063 1207 1086 ,

86 1117 265 1178 Violentus
292 1135 401 1176 ensem
426 1135 485 1196 per
509 1116 593 1178 latus
618 1129 767 1184 nostrum
791 1120 883 1199 rapit.

88 1220 120 1282 T
124 1239 189 1280 uno
215 1233 338 1280 tremor
362 1231 396 1278 et
420 1220 534 1298 iugens
561 1222 682 1280 excutit
706 1240 836 1294 somnos
868 1241 976 1301 pavor,
1017 1261 1019 1268 κ

85 1323 302 1402 Renoratque
326 1321 432 1382 luctus
460 1333 493 1382 et
516 1337 622 1382 metus
646 1323 784 1384 miserae
808 1325 902 1387 mihi.

84 1425 193 1487 Adice
219 1425 268 1486 his
293 1424 467 1506 superbam
491 1425 661 1504 pellicem,
695 1440 825 1494 nostrae
851 1425 964 1492 domiin
1069 1407 1081 1426 ,

86 1529 209 1611 Spoliis
233 1530 411 1598 nitentemt
453 1527 541 1605 cujus
566 1529 603 1590 in
627 1549 746 1592 munus
771 1549 863 1592 suam
1059 1546 1129 1612 125
1195 1520 1198 1532 ⁴

84 1633 222 1714 Stygiae
247 1643 413 1716 parentem
444 1645 539 1692 natus
564 1633 719 1712 imposuit
744 1635 817 1708 rati,

86 1736 199 1815 Quam
223 1733 291 1794 dira
315 1746 388 1814 post
418 1733 587 1815 naufragia
611 1749 760 1816 superato
785 1738 870 1815 mari
975 1773 977 1776 ·

84 1841 190 1900 Ferro
216 1838 400 1910 interemit,
434 1837 558 1898 saevior
582 1837 690 1919 pelagi
714 1839 816 1900 fretis.

86 1943 183 2022 Quae
208 1959 278 2022 spes
303 1938 413 2000 salutis
437 1953 510 2019 post
534 1940 624 2004 nefas
650 1953 779 2003 tautum
805 1943 909 2004 mihi?
936 1963 956 1998 κ
1023 2015 1030 2020 ,

83 2045 226 2107 Inimica
250 2044 365 2104 victrix
387 2043 540 2104 imminet
570 2043 722 2104 thalamis
747 2045 847 2114 meis;
1056 2062 1125 2126 130

87 2149 240 2228 Odioque
265 2147 368 2208 nostri
391 2145 524 2225 flagrat,
552 2159 585 2206 et
608 2148 751 2226 pretium
776 2149 880 2230 stupri

84 2253 194 2314 Justae
219 2249 374 2310 maritum
399 2248 546 2329 conjugis
571 2261 676 2330 captat
698 2261 806 2330 ceput.

83 2356 262 2434 Emergere
288 2351 401 2436 undis,
436 2363 469 2412 et
494 2351 544 2414 ier
570 2351 726 2414 auxilium
751 2366 828 2416 tuae

84 2459 190 2520 Natae
215 2445 396 2527 invocanti,
430 2453 575 2534 genitum
610 2468 666 2516 aut
692 2455 819 2536 Stygios
844 2459 932 2520 sinus

83 2561 221 2623 Tellure
245 2557 340 2639 rupta
363 2556 485 2638 pande,
526 2577 590 2638 quo
616 2577 765 2638 praeceps
791 2557 893 2620 ferar!
1054 2575 1123 2641 135
1200 2625 1202 2632 ,

83 2683 196 2728 arura.
224 2662 356 2722 Frustra
379 2660 521 2739 parentis
546 2662 675 2720 invocas
700 2680 809 2724 manes
835 2663 896 2736 tui,

84 2763 286 2838 Miseranda,
314 2763 449 2835 frustra,
485 2759 576 2822 nulla
601 2764 655 2822 cui
680 2763 779 2842 prolis
805 2783 881 2826 suae

83 2870 311 2952 Manetxinter
336 2864 463 2936 umbras
488 2884 582 2933 cura;
617 2866 674 2944 qui
697 2878 773 2926 nato
799 2886 857 2928 auo
952 2902 955 2919 ι
992 2909 995 2920 ·

82 2971 253 3034 Praeferre
279 2969 387 3049 potuit
410 2969 567 3048 sanguine
592 2966 698 3028 aliano
726 2981 841 3046 satum,

83 3076 303 3153 Genitaruque
328 3071 437 3134 fratris
462 3072 634 3151 conjugem
659 3085 767 3151 captus
793 3071 857 3134 sibi
1049 3089 1121 3154 140
1189 3099 1196 3112 ·

84 3181 182 3242 Turis
208 3173 355 3238 nefandis
386 3173 490 3234 flebili
513 3175 620 3251 junxit
643 3173 723 3234 face.

81 3283 171 3344 Hinc
198 3293 269 3341 orta
294 3279 392 3338 series
417 3277 615 3350 facinorum,
643 3275 771 3352 caedes,
797 3277 875 3352 doli,

82 3385 192 3465 Regni
217 3379 351 3463 cupido,
386 3381 549 3460 sanguinis
575 3379 638 3440 diri
663 3382 747 3443 sitis:

83 3489 230 3552 Mactata
253 3485 355 3546 soceri
381 3477 522 3544 concidit
544 3481 696 3545 thalamis
723 3495 822 3564 gener

81 3593 242 3663 Victima,
277 3589 409 3649 tuisne
435 3585 528 3646 lieret
552 3583 739 3666 hymenaeis
764 3601 889 3667 potens.
1039 3599 1117 3666 '145

81 3695 175 3763 Proh
200 3692 324 3754 facinus
347 3691 477 3770 ingens!
509 3688 650 3750 feminae
675 3703 722 3750 est
746 3709 864 3752 munus
889 3687 981 3750 datus
1073 3707 1076 3714 ¹

86 3797 233 3872 Silanus,
262 3808 294 3854 et
318 3813 431 3854 cruore
458 3791 598 3854 foedavit
622 3812 680 3853 suo

84 3901 211 3962 Patrios
236 3909 382 3980 penates,
418 3897 561 3958 criminis
586 3894 763 3971 fictipeus.

87 4003 223 4066 latravit
247 4001 346 4062 hostis
371 4000 427 4062 hei
451 3999 548 4060 mihi!
586 4011 710 4082 ceptam
735 3997 868 4060 domum

160 4127 217 4180 rat.
235 4125 323 4178 Forte
340 4125 474 4194 Euergito
491 4123 605 4180 Umbris.

163 4229 219 4286 tio.
236 4227 302 4298 Lep.
319 4225 410 4286 fratre.
