2774 4952
256 409 279 478 Δ.
324 423 375 488 ns
398 421 532 487 nunc.
555 421 656 486 our.
681 371 773 488 160o.
798 419 889 490 1633·
1068 421 1131 488 255

74 591 242 669 fatigatus,
276 603 316 646 eat
338 594 399 664 plut
424 612 501 665 qnam
523 553 695 658 reinculcare.
738 591 794 662 Qui
811 595 881 646 enim
904 598 1006 648 ruentes
1029 593 1131 666 aliquot

79 683 250 736 Helleniemo
268 697 376 749 operatu
394 681 484 745 dedit,
501 681 542 735 vel
562 682 640 732 etiam
664 682 692 733 in
710 679 813 732 Latinis
830 697 908 733 usum
926 681 1021 748 habet,
1053 683 1131 735 novit

78 771 147 836 ise,
171 767 262 822 lassus
280 767 427 832 ceruicem,
451 766 594 833 humeros,
620 766 739 831 collum,
766 783 833 836 quae
851 778 903 819 tam
921 769 1014 821 crebro
1033 785 1131 821 occur·

79 869 163 922 runt,
181 857 233 909 dici
252 857 285 907 de
303 865 378 917 toto,
396 857 547 921 eujus'sunt
564 863 666 921 partes,
685 869 833 923 quaerero
852 867 925 906 extra
943 867 1019 919 eunt,
1038 856 1130 910 locum
1220 890 1222 898 ι

75 947 112 999 in
132 946 165 996 iis
183 943 280 995 habere
297 959 352 994 non
370 957 455 1008 potae.
510 941 577 1010 Quis
603 957 670 1010 ergo·
691 941 776 1005 dicat,
794 939 925 1010 'aliquem
942 953 1008 992 'esse
1033 941 1130 994 lassum

77 1019 210 1104 piandus,
229 1041 274 1080 aut
292 1042 376 1090 onus,
394 1037 439 1078 aut
456 1027 608 1091 sarcinam,
643 1043 720 1095 quam
738 1025 841 1094 gestat?
873 1027 1057 1093 Mediocriter,
1084 1029 1131 1082 iu-

79 1135 178 1191 quam,
198 1114 269 1166 donti
288 1115 389 1179 solunt,
407 1113 519 1183 intelligi
538 1114 565 1165 in
583 1112 640 1164 istis
657 1111 785 1175 voculam,
803 1129 871 1180 quae
888 1113 940 1168 hoo
958 1133 1013 1167 non
1031 1115 1131 1168 admit-

80 1208 166 1271 tit,e
197 1203 229 1254 ad
248 1211 335 1252 totum
352 1201 450 1257 refert,
469 1199 541 1268 quod
559 1199 592 1250 de
609 1205 686 1269 parte
704 1197 829 1250 dieitur.“
866 1201 941 1268 Quae
959 1201 1058 1254 nollem
1076 1203 1132 1253 irn-

78 1289 225 1363 pugnanda
241 1287 290 1339 eibi
308 1285 477 1354 proposuisse
494 1285 606 1338 lancium
622 1287 785 1351 Portunum,
804 1295 831 1337 et
848 1287 929 1339 tacito
947 1287 1052 1358 quidem
1071 1286 1133 1340 euf-

79 1381 216 1446 iragatore
240 1375 299 1443 ipro
324 1370 472 1424 Gronovio.
524 1371 591 1424 Nam
617 1371 726 1423 Delritta
749 1371 831 1424 verbo
856 1385 960 1425 tantum
983 1373 1079 1441 probat
1094 1369 1131 1428 ud

82 1463 189 1524 lassus,
216 1456 321 1528 dieique
339 1456 470 1509 existimat
488 1455 578 1510 lauru
595 1455 720 1530 pondus,
756 1467 786 1509 ut
803 1471 902 1530 captus
920 1469 1053 1522 mentem,
1079 1455 1132 1528 dp-

84 1547 192 1620 2o'irtois
210 1547 321 1599 scilicet.
352 1543 413 1595 ‘Nec
430 1551 518 1597 tamen
535 1555 675 1616 propterea
698 1544 727 1598 iu
749 1546 790 1611 jur
807 1545 941 1598 vocandus
958 1545 1016 1616 ipae
1034 1545 1133 1614 Tragi-

82 1658 142 1700 cos,
161 1633 206 1705 qui
223 1629 397 1712 vapulatphoo
413 1629 484 1697 looo,
501 1641 532 1684 ut
549 1631 607 1684 aliie
624 1647 679 1683 non
697 1632 795 1699 paucis,
813 1631 989 1684 eruditissimo
1008 1629 1132 1695 Danieli,

82 1726 131 1779 aed
145 1716 329 1789 recipiendum
347 1735 380 1770 ex
398 1716 515 1770 editione
533 1717 621 1772 Caroli
639 1715 772 1770 Fer-nandi
793 1715 911 1783 Passus,
936 1717 1006 1786 quod
1024 1715 1067 1768 rel
1084 1716 1132 1768 in-

81 1807 272 1880 terprenberis
289 1797 432 1875 dupletur,
450 1805 585 1874 quomodo
602 1801 720 1874 perlecta
736 1805 855 1874 usurpari
869 1821 1058 1872 nonnunquam
1074 1803 1132 1854 La-

82 1899 149 1952 tinio
167 1893 245 1945 docet
262 1889 417 1942 Vechnerus
435 1889 603 1943 Hellenolex.
624 1905 655 1950 1,
679 1903 711 1952 α,
740 1891 790 1952 14,
816 1889 849 1954 ὅ,
874 1889 978 1958 quicum
997 1890 1030 1942 cl.
1045 1889 1131 1958 'supra

83 1986 153 2054 573,
171 1983 260 2050 Agara.
280 1974 329 2038 et,
348 1971 433 2026 Gron.
451 1973 484 2026 ad
501 1975 581 2042 Hipp,
600 1975 665 2045 985,
684 1991 734 2024 noe
751 1973 785 2025 ad
801 1973 901 2028 'l'road
920 1977 978 2047 567.
997 1987 1024 2027 et
1041 1975 1131 2027 Plauti
1163 1979 1166 1990 '

83 2069 170 2124 Stich.
189 2083 265 2137 717.;
283 2059 326 2114 rel
343 2059 444 2113 dictum
460 2059 564 2130 putabis
581 2079 630 2130 pro
647 2057 761 2111 Patiens
776 2078 826 2130 per
844 2061 993 2130 enallagen,
1025 2057 1077 2130 qul
1100 2061 1132 2114 in

82 2159 127 2211 his
147 2151 294 2222 Magnum
312 2147 337 2198 si
348 2156 465 2216 pertore
481 2157 578 2218 posset
596 2143 760 2200 Excussisse
778 2145 872 2210 hum,
886 2145 914 2198 id
932 2157 973 2198 est
989 2147 1131 2213 Excutere,

83 2259 162 2298 utum
172 2236 314 2307 Virgilium
332 2244 424 2286 mouet
437 2225 552 2289 Servius.
587 2233 687 2288 Contra
699 2233 830 2286 Praesens
849 2248 898 2302 pro
910 2232 1033 2285 Perfecto
1050 2222 1132 2284 uiur-

81 2342 176 2402 patum
193 2325 262 2376 inlra
279 2329 318 2374 est
337 2320 418 2387 1885,
435 2319 481 2372 ubi
498 2332 626 2374 nascente
643 2321 715 2377 valet
733 2321 818 2387 natet,
850 2319 895 2390 qui
918 2319 984 2372 item
1001 2317 1133 2370 hellenis·

82 2433 155 2472 mus.
188 2410 252 2465 vid.
271 2408 305 2461 ad
321 2407 358 2466 Η.
378 2405 398 2461 f.
417 2406 491 2461 1182.

156 2500 232 2554 1613.
249 2497 321 2549 liaeo
337 2495 441 2564 vulgata
458 2503 520 2545 ante
537 2491 703 2546 Gronoviom
720 2495 865 2563 scriptura,
898 2508 976 2564 quam
1000 2511 1057 2546 non
1075 2497 1133 2545 erat

82 2589 158 2663 quotl
180 2587 336 2654 depravatae
360 2579 459 2632 codicia
484 2575 525 2628 eui
547 2577 656 2630 lectioni
675 2590 703 2632 et
719 2581 885 2645 conjecturae
903 2577 1073 2648 posthaberet
1090 2576 1134 2629 vit·

82 2673 262 2730 doctissimus.
296 2666 333 2718 Et
348 2667 423 2719 Flor.
443 2664 565 2734 quidem:
589 2661 639 2716 'sub
658 2663 831 2719 hosmundo
849 2663 984 2718 Hercules
1005 2663 1132 2716 Immune

80 2760 162 2818 vinci
179 2755 263 2830 liquit
280 2771 315 2804 en
333 2749 441 2804 domita
460 2751 563 2815 omnia,
582 2752 720 2824 inquibus
736 2753 804 2805 nihil
821 2752 933 2823 probunt
946 2762 1052 2820 praeter
1067 2767 1133 2802 rer-

82 2851 120 2903 ba
138 2846 190 2900 laec
209 2837 322 2902 mundo,
340 2851 452 2907 quorum
469 2831 530 2890 loco
548 2839 618 2908 quod
636 2850 697 2891 ante
713 2839 877 2908 vulgabatur,
897 2853 994 2890 occasu
1010 2836 1133 2904 ineptum

83 2945 136 2991 eat.
169 2929 294 2983 Ceterum
312 2925 416 2976 uirtute
432 2923 461 2976 in
481 2923 589 2986 insane,
607 2922 703 2977 docuit
719 2925 748 2978 in
766 2924 868 2998 liquit,
887 2925 1046 2995 degenerare
1064 2921 1131 2974 olim

81 3018 204 3094 potuisse
222 3023 336 3075 norunt,
372 3008 418 3082 qui
435 3009 546 3078 scriptos
564 3011 654 3067 libros.
708 3011 798 3082 Apage
821 3012 903 3080 igitur
919 3009 1036 3064 hiulcum
1055 3003 1130 3060 Gr'o-

83 3104 161 3162 norii
187 3107 365 3154 commentum
387 3097 453 3151 hoo:
492 3097 540 3167 qui
562 3094 613 3150 sab
637 3095 690 3151 iras
705 3097 817 3166 [mundo
844 3093 976 3152 Hercules
1005 3093 1131 3148 immam

83 3189 130 3248 nil
147 3185 271 3261 reliquit.
301 3183 462 3250 sodomita
480 3183 583 3238 omnia.
617 3183 742 3238 Ceterum
766 3185 795 3239 in
810 3179 968 3238 Florentino
989 3201 1041 3253 pro
1062 3199 1131 3252 per-

81 3280 159 3334 sonis
176 3281 313 3345 ponuntur
332 3269 458 3324 Nuntius
475 3282 502 3323 et
520 3270 640 3337 choras,
674 3273 743 3325 bene
759 3272 795 3324 de
812 3271 917 3336 Choro,
943 3287 1022 3340 quern
1039 3267 1130 3320 collo-

79 3378 201 3422 cutorem
218 3375 295 3428 saepe
312 3375 390 3428 agere
407 3357 436 3410 in
454 3357 548 3410 fabulis
565 3359 661 3410 seimus
679 3375 712 3412 ex
728 3357 891 3423 Aristotele,
914 3355 1040 3420 Horatio,
1063 3355 1129 3424 ipsiu

79 3452 199 3520 denique
216 3445 354 3515 utriusque
371 3443 476 3514 liuguae
492 3445 579 3513 poitis
597 3443 745 3498 dramatioia
767 3455 795 3496 et
813 3445 923 3498 Nostro.
964 3443 1032 3496 Nem
1049 3443 1132 3507 Now,

80 3539 153 3594 tium
175 3535 251 3589 illum
273 3531 354 3586 sarius
380 3539 421 3581 est
443 3529 568 3599 appellari
591 3549 640 3583 auo
664 3531 771 3584 nornine
796 3529 971 3584 Philocteteo.
1013 3525 1128 3590 Nutrioi,

81 3641 153 3696 quae
167 3621 250 3674 Chori
267 3629 355 3688 parter
373 3615 483 3669 sustinet
499 3615 528 3670 in
545 3615 656 3684 vulgatis
673 3613 756 3678 libris,
774 3603 845 3666 nihil,
858 3613 902 3664 hie
920 3611 1030 3682 negotii.
1052 3611 1128 3666 1623.

81 3709 159 3764 Flor.
173 3715 301 3770 ,tantm
318 3714 345 3756 et
362 3701 440 3772 paulo
457 3713 520 3770 post
537 3702 660 3756 incussus
678 3698 813 3774 clralylss,
832 3699 878 3752 nbi
895 3698 973 3768 vulgo
992 3713 1130 3752 excursus.

82 3794 162 3850 Idem
180 3793 257 3864 1629.
274 3807 328 3843 non
346 3789 470 3860 potitur,
489 3797 518 3840 et
534 3799 660 3842 truncum
672 3785 770 3861 fugit,
789 3787 865 3858 qualo
883 3788 983 3840 dictum
1000 3783 1028 3836 in
1047 3801 1129 3853 aupe-

82 3879 214 3944 riorilrur,
244 3877 291 3930 aed
313 3875 423 3946 patitur
434 3870 563 3946 frigidus
579 3894 694 3948 parum,
725 3877 752 3928 in
770 3892 824 3946 quo
842 3872 958 3943 reperire
976 3871 1059 3924 Gron.
1078 3869 1130 3922 eibi

82 3964 228 4018 videbatur
252 3973 284 4016 ut
310 3961 432 4033 rigidum
454 3979 563 4033 parurn.
608 3963 683 4017 1653.
708 3979 757 4030 pro
775 3951 849 4012 diens
866 3959 928 4014 libri
947 3959 1002 4011 lere
1020 3955 1129 4021 domus,

83 4057 113 4104 et
130 4066 205 4122 sequ·
223 4067 303 4104 versu
319 4052 421 4122 pennis
438 4065 549 4114 nemus,-
574 4051 646 4106 unde
663 4047 804 4118 legendum
822 4045 936 4114 conjecit
951 4044 1085 4100 Delriuaa

223 4135 353 4190 Voluoree
370 4147 507 4206 pererrant
523 4152 632 4190 nemore
649 4132 751 4188 succiso
768 4151 871 4198 nemus,
891 4197 894 4206 ,

220 4223 412 4297 Quamque
428 4221 503 4278 lauis
520 4219 640 4294 garrulae
654 4219 752 4292 pennis
769 4217 873 4282 donor,
