<?xml version="1.0" encoding="UTF-8"?>
<!DOCTYPE html PUBLIC "-//W3C//DTD XHTML 1.0 Transitional//EN"
    "http://www.w3.org/TR/xhtml1/DTD/xhtml1-transitional.dtd">
<html xmlns="http://www.w3.org/1999/xhtml" xml:lang="en" lang="en">
 <head>
  <title>
</title>
<meta http-equiv="Content-Type" content="text/html;charset=utf-8" />
  <meta name='ocr-system' content='tesseract 3.04.00' />
  <meta name='ocr-capabilities' content='ocr_page ocr_carea ocr_par ocr_line ocrx_word'/>
</head>
<body>
  <div class='ocr_page' id='page_1' title='image "./lannaeisenecaet00grongoog_0301.png"; bbox 0 0 2872 4942; ppageno 0'>
   <div class='ocr_carea' id='block_1_1' title="bbox 270 369 1127 506">
    <p class='ocr_par' dir='ltr' id='par_1_1' title="bbox 270 369 1127 506">
     <span class='ocr_line' id='line_1_1' title="bbox 270 369 1127 506; baseline -0.008 -18"><span class='ocrx_word' id='word_1_1' title='bbox 270 381 348 506; x_wconf 37' lang='lat'><strong>90⁵</strong></span> <span class='ocrx_word' id='word_1_2' title='bbox 558 417 596 480; x_wconf 82' lang='lat' dir='ltr'><strong>L.</strong></span> <span class='ocrx_word' id='word_1_3' title='bbox 624 369 790 482; x_wconf 69' lang='lat' dir='ltr'><strong>iunoni</strong></span> <span class='ocrx_word' id='word_1_4' title='bbox 815 408 1012 482; x_wconf 70' lang='lat' dir='ltr'><strong>senecia</strong></span> <span class='ocrx_word' id='word_1_5' title='bbox 1123 417 1127 424; x_wconf 88' lang='lat'><em>·</em></span> 
     </span>
    </p>
   </div>
   <div class='ocr_carea' id='block_1_2' title="bbox 148 589 1111 796">
    <p class='ocr_par' dir='ltr' id='par_1_2' title="bbox 148 589 1111 796">
     <span class='ocr_line' id='line_1_2' title="bbox 148 589 1000 690; baseline 0.001 -20"><span class='ocrx_word' id='word_1_6' title='bbox 148 597 154 624; x_wconf 59' lang='lat'>⁸</span> <span class='ocrx_word' id='word_1_7' title='bbox 267 610 413 671; x_wconf 84' lang='lat' dir='ltr'><strong>Potuisse</strong></span> <span class='ocrx_word' id='word_1_8' title='bbox 427 589 532 668; x_wconf 82' lang='lat' dir='ltr'><strong>&#39;vinci.</strong></span> <span class='ocrx_word' id='word_1_9' title='bbox 585 605 696 688; x_wconf 88' lang='lat' dir='ltr'><strong>Spolia</strong></span> <span class='ocrx_word' id='word_1_10' title='bbox 719 589 891 688; x_wconf 82' lang='lat' dir='ltr'><strong>populator</strong></span> <span class='ocrx_word' id='word_1_11' title='bbox 915 611 1000 690; x_wconf 83' lang='lat' dir='ltr'><strong>rapit</strong></span> 
     </span>
     <span class='ocr_line' id='line_1_3' title="bbox 170 707 1111 796; baseline 0.006 -28"><span class='ocrx_word' id='word_1_12' title='bbox 170 760 172 768; x_wconf 89' lang='grc'><em>,</em></span> <span class='ocrx_word' id='word_1_13' title='bbox 268 710 446 796; x_wconf 75' lang='lat' dir='ltr'><strong>Dardanie3</strong></span> <span class='ocrx_word' id='word_1_14' title='bbox 477 707 743 792; x_wconf 74' lang='lat' dir='ltr'><strong>praedmmiUe</strong></span> <span class='ocrx_word' id='word_1_15' title='bbox 768 729 837 773; x_wconf 84' lang='lat' dir='ltr'><strong>nou</strong></span> <span class='ocrx_word' id='word_1_16' title='bbox 861 714 995 794; x_wconf 85' lang='lat' dir='ltr'><strong>capiunt</strong></span> <span class='ocrx_word' id='word_1_17' title='bbox 1018 727 1111 778; x_wconf 85' lang='lat' dir='ltr'><strong>rates.</strong></span> 
     </span>
    </p>
   </div>
   <div class='ocr_carea' id='block_1_3' title="bbox 226 809 1148 1103">
    <p class='ocr_par' dir='ltr' id='par_1_3' title="bbox 226 809 1148 1103">
     <span class='ocr_line' id='line_1_4' title="bbox 226 809 1126 892; baseline -0.001 -12"><span class='ocrx_word' id='word_1_18' title='bbox 226 867 229 880; x_wconf 90' lang='lat'>.</span> <span class='ocrx_word' id='word_1_19' title='bbox 266 809 384 876; x_wconf 82' lang='lat' dir='ltr'>Testor</span> <span class='ocrx_word' id='word_1_20' title='bbox 409 811 544 876; x_wconf 87' lang='lat' dir='ltr'><strong>deorum</strong></span> <span class='ocrx_word' id='word_1_21' title='bbox 568 833 691 892; x_wconf 80' lang='lat' dir='ltr'><strong>numen</strong></span> <span class='ocrx_word' id='word_1_22' title='bbox 716 811 884 877; x_wconf 82' lang='lat' dir='ltr'><strong>adversum</strong></span> <span class='ocrx_word' id='word_1_23' title='bbox 915 815 1010 892; x_wconf 83' lang='lat' dir='ltr'><strong>mihi,</strong></span> <span class='ocrx_word' id='word_1_24' title='bbox 1121 827 1126 843; x_wconf 66' lang='lat'>⁸</span> 
     </span>
     <span class='ocr_line' id='line_1_5' title="bbox 265 917 1148 1022; baseline 0.005 -44"><span class='ocrx_word' id='word_1_25' title='bbox 265 917 454 1015; x_wconf 62' lang='lat' dir='ltr'><strong>Batriaeque</strong></span> <span class='ocrx_word' id='word_1_26' title='bbox 480 918 628 1022; x_wconf 74' lang='lat' dir='ltr'><strong>cineres,¹</strong></span> <span class='ocrx_word' id='word_1_27' title='bbox 661 928 759 1021; x_wconf 78' lang='lat' dir='ltr'><strong>teque</strong></span> <span class='ocrx_word' id='word_1_28' title='bbox 784 929 944 1022; x_wconf 85' lang='lat' dir='ltr'><strong>rectorem</strong></span> <span class='ocrx_word' id='word_1_29' title='bbox 962 917 1148 1020; x_wconf 59' lang='lat' dir='ltr'><strong>,Phrygrprn</strong></span> 
     </span>
     <span class='ocr_line' id='line_1_6' title="bbox 266 1015 1132 1103; baseline 0.009 -21"><span class='ocrx_word' id='word_1_30' title='bbox 266 1016 375 1100; x_wconf 73' lang='lat' dir='ltr'><strong>Quem</strong></span> <span class='ocrx_word' id='word_1_31' title='bbox 400 1017 500 1098; x_wconf 84' lang='lat' dir='ltr'><strong>Troia</strong></span> <span class='ocrx_word' id='word_1_32' title='bbox 523 1032 593 1084; x_wconf 75' lang='lat' dir='ltr'><strong>tato</strong></span> <span class='ocrx_word' id='word_1_33' title='bbox 620 1015 787 1083; x_wconf 75' lang='lat' dir='ltr'><strong>conditum</strong></span> <span class='ocrx_word' id='word_1_34' title='bbox 810 1039 912 1102; x_wconf 81' lang='lat' dir='ltr'><strong>regno</strong></span> <span class='ocrx_word' id='word_1_35' title='bbox 938 1015 1031 1103; x_wconf 75' lang='lat' dir='ltr'><strong>tegit,</strong></span> <span class='ocrx_word' id='word_1_36' title='bbox 1099 1053 1132 1092; x_wconf 50' lang='grc'><em>&lt;.,·.</em></span> 
     </span>
    </p>
   </div>
   <div class='ocr_carea' id='block_1_4' title="bbox 133 1123 1029 1206">
    <p class='ocr_par' dir='ltr' id='par_1_4' title="bbox 133 1123 1029 1206">
     <span class='ocr_line' id='line_1_7' title="bbox 133 1123 1029 1206; baseline 0.001 -20"><span class='ocrx_word' id='word_1_37' title='bbox 133 1149 153 1194; x_wconf 62' lang='lat'><strong>2</strong></span> <span class='ocrx_word' id='word_1_38' title='bbox 265 1123 421 1206; x_wconf 87' lang='lat' dir='ltr'><strong>Tuosque</strong></span> <span class='ocrx_word' id='word_1_39' title='bbox 444 1141 572 1197; x_wconf 86' lang='lat' dir='ltr'><strong>manes,</strong></span> <span class='ocrx_word' id='word_1_40' title='bbox 600 1141 663 1204; x_wconf 92' lang='lat' dir='ltr'><strong>quo</strong></span> <span class='ocrx_word' id='word_1_41' title='bbox 690 1124 780 1186; x_wconf 79' lang='lat' dir='ltr'><strong>stetit</strong></span> <span class='ocrx_word' id='word_1_42' title='bbox 804 1135 908 1184; x_wconf 87' lang='lat' dir='ltr'><strong>stante</strong></span> <span class='ocrx_word' id='word_1_43' title='bbox 933 1123 1029 1202; x_wconf 80' lang='lat' dir='ltr'><strong>ilion,</strong></span> 
     </span>
    </p>
   </div>
   <div class='ocr_carea' id='block_1_5' title="bbox 263 1225 1127 1520">
    <p class='ocr_par' dir='ltr' id='par_1_5' title="bbox 263 1225 1127 1520">
     <span class='ocr_line' id='line_1_8' title="bbox 264 1225 1012 1310; baseline 0.004 -24"><span class='ocrx_word' id='word_1_44' title='bbox 264 1227 307 1286; x_wconf 84' lang='lat' dir='ltr'><strong>Et</strong></span> <span class='ocrx_word' id='word_1_45' title='bbox 332 1246 386 1286; x_wconf 78' lang='lat' dir='ltr'><strong>vos</strong></span> <span class='ocrx_word' id='word_1_46' title='bbox 412 1245 562 1288; x_wconf 88' lang='lat' dir='ltr'><strong>meorum</strong></span> <span class='ocrx_word' id='word_1_47' title='bbox 586 1225 728 1288; x_wconf 71' lang='lat' dir='ltr'><strong>liberum</strong></span> <span class='ocrx_word' id='word_1_48' title='bbox 754 1225 863 1307; x_wconf 82' lang='lat' dir='ltr'><strong>magni</strong></span> <span class='ocrx_word' id='word_1_49' title='bbox 887 1245 1012 1310; x_wconf 77' lang='lat' dir='ltr'><strong>greges,</strong></span> 
     </span>
     <span class='ocr_line' id='line_1_9' title="bbox 264 1327 1071 1412; baseline 0.005 -21"><span class='ocrx_word' id='word_1_50' title='bbox 264 1329 406 1392; x_wconf 78' lang='lat' dir='ltr'><strong>Umbrae</strong></span> <span class='ocrx_word' id='word_1_51' title='bbox 430 1329 589 1412; x_wconf 79' lang='lat' dir='ltr'><strong>minores:</strong></span> <span class='ocrx_word' id='word_1_52' title='bbox 617 1327 772 1412; x_wconf 87' lang='lat' dir='ltr'><strong>quidquid</strong></span> <span class='ocrx_word' id='word_1_53' title='bbox 797 1327 922 1390; x_wconf 87' lang='lat' dir='ltr'><strong>adversi</strong></span> <span class='ocrx_word' id='word_1_54' title='bbox 946 1331 1071 1408; x_wconf 85' lang='lat' dir='ltr'><strong>accidit,</strong></span> 
     </span>
     <span class='ocr_line' id='line_1_10' title="bbox 263 1427 1127 1520; baseline 0.005 -26"><span class='ocrx_word' id='word_1_55' title='bbox 263 1430 485 1514; x_wconf 82' lang='lat' dir='ltr'><strong>Quaecunque</strong></span> <span class='ocrx_word' id='word_1_56' title='bbox 510 1427 659 1494; x_wconf 87' lang='lat' dir='ltr'><strong>Phoebas</strong></span> <span class='ocrx_word' id='word_1_57' title='bbox 686 1451 742 1493; x_wconf 91' lang='lat' dir='ltr'><strong>ore</strong></span> <span class='ocrx_word' id='word_1_58' title='bbox 767 1429 936 1513; x_wconf 85' lang='lat' dir='ltr'><strong>lymphato</strong></span> <span class='ocrx_word' id='word_1_59' title='bbox 963 1431 1084 1514; x_wconf 77' lang='lat' dir='ltr'><strong>iurene,</strong></span> <span class='ocrx_word' id='word_1_60' title='bbox 1124 1515 1127 1520; x_wconf 28' lang='grc' dir='ltr'>Ι</span> 
     </span>
    </p>
   </div>
   <div class='ocr_carea' id='block_1_6' title="bbox 149 1532 930 1628">
    <p class='ocr_par' dir='ltr' id='par_1_6' title="bbox 149 1532 930 1628">
     <span class='ocr_line' id='line_1_11' title="bbox 149 1532 930 1628; baseline -0.006 -29"><span class='ocrx_word' id='word_1_61' title='bbox 149 1577 153 1584; x_wconf 91' lang='lat'><em>·</em></span> <span class='ocrx_word' id='word_1_62' title='bbox 216 1620 222 1628; x_wconf 24' lang='lat'><em>=</em></span> <span class='ocrx_word' id='word_1_63' title='bbox 264 1535 363 1598; x_wconf 82' lang='lat' dir='ltr'>Credi</span> <span class='ocrx_word' id='word_1_64' title='bbox 388 1535 449 1597; x_wconf 93' lang='lat' dir='ltr'><strong>deo</strong></span> <span class='ocrx_word' id='word_1_65' title='bbox 475 1547 619 1609; x_wconf 85' lang='lat' dir='ltr'><strong>vetante,</strong></span> <span class='ocrx_word' id='word_1_66' title='bbox 653 1532 812 1616; x_wconf 83' lang='lat' dir='ltr'><strong>praedixit</strong></span> <span class='ocrx_word' id='word_1_67' title='bbox 836 1534 930 1610; x_wconf 80' lang='lat' dir='ltr'><strong>maia,</strong></span> 
     </span>
    </p>
   </div>
   <div class='ocr_carea' id='block_1_7' title="bbox 153 1634 1241 2646">
    <p class='ocr_par' dir='ltr' id='par_1_7' title="bbox 209 1634 1241 1804">
     <span class='ocr_line' id='line_1_12' title="bbox 262 1634 1241 1719; baseline 0.003 -21"><span class='ocrx_word' id='word_1_68' title='bbox 262 1639 356 1700; x_wconf 85' lang='lat' dir='ltr'><strong>Prior</strong></span> <span class='ocrx_word' id='word_1_69' title='bbox 380 1637 515 1700; x_wconf 89' lang='lat' dir='ltr'><strong>Hecuba</strong></span> <span class='ocrx_word' id='word_1_70' title='bbox 540 1635 606 1698; x_wconf 86' lang='lat' dir='ltr'><strong>vidi</strong></span> <span class='ocrx_word' id='word_1_71' title='bbox 632 1634 778 1719; x_wconf 65' lang='lat' dir='ltr'><strong>grande,</strong></span> <span class='ocrx_word' id='word_1_72' title='bbox 805 1657 866 1699; x_wconf 89' lang='lat' dir='ltr'><strong>nec</strong></span> <span class='ocrx_word' id='word_1_73' title='bbox 892 1640 980 1704; x_wconf 84' lang='lat' dir='ltr'><strong>tacui</strong></span> <span class='ocrx_word' id='word_1_74' title='bbox 1003 1651 1120 1718; x_wconf 85' lang='lat' dir='ltr'><strong>metus,</strong></span> <span class='ocrx_word' id='word_1_75' title='bbox 1172 1705 1176 1712; x_wconf 61' lang='grc'><em>,</em></span> <span class='ocrx_word' id='word_1_76' title='bbox 1238 1653 1241 1660; x_wconf 93' lang='grc'><strong>’</strong></span> 
     </span>
     <span class='ocr_line' id='line_1_13' title="bbox 209 1737 956 1804; baseline 0 0"><span class='ocrx_word' id='word_1_77' title='bbox 209 1757 214 1766; x_wconf 73' lang='grc'><em>“</em></span> <span class='ocrx_word' id='word_1_78' title='bbox 262 1742 306 1804; x_wconf 86' lang='lat' dir='ltr'><strong>Et</strong></span> <span class='ocrx_word' id='word_1_79' title='bbox 330 1759 410 1804; x_wconf 86' lang='lat' dir='ltr'><strong>vana</strong></span> <span class='ocrx_word' id='word_1_80' title='bbox 435 1755 521 1800; x_wconf 84' lang='lat' dir='ltr'><strong>vates</strong></span> <span class='ocrx_word' id='word_1_81' title='bbox 547 1754 622 1801; x_wconf 82' lang='lat' dir='ltr'><strong>onte</strong></span> <span class='ocrx_word' id='word_1_82' title='bbox 657 1737 864 1802; x_wconf 81' lang='lat' dir='ltr'>Cassandram</span> <span class='ocrx_word' id='word_1_83' title='bbox 897 1739 956 1804; x_wconf 72' lang='lat' dir='ltr'><strong>fut</strong></span> 
     </span>
    </p>

    <p class='ocr_par' dir='ltr' id='par_1_8' title="bbox 216 1838 1182 2240">
     <span class='ocr_line' id='line_1_14' title="bbox 261 1838 1152 1923; baseline 0 -16"><span class='ocrx_word' id='word_1_84' title='bbox 261 1845 336 1907; x_wconf 87' lang='lat' dir='ltr'><strong>Non</strong></span> <span class='ocrx_word' id='word_1_85' title='bbox 350 1857 472 1904; x_wconf 82' lang='lat' dir='ltr'><strong>cautus</strong></span> <span class='ocrx_word' id='word_1_86' title='bbox 499 1843 589 1923; x_wconf 80' lang='lat' dir='ltr'><strong>ignes</strong></span> <span class='ocrx_word' id='word_1_87' title='bbox 615 1838 744 1904; x_wconf 87' lang='lat' dir='ltr'><strong>Ithacus</strong></span> <span class='ocrx_word' id='word_1_88' title='bbox 769 1856 825 1904; x_wconf 90' lang='lat' dir='ltr'><strong>aut</strong></span> <span class='ocrx_word' id='word_1_89' title='bbox 849 1843 953 1906; x_wconf 85' lang='lat' dir='ltr'>Ithaci</span> <span class='ocrx_word' id='word_1_90' title='bbox 978 1865 1084 1907; x_wconf 84' lang='lat' dir='ltr'><strong>comes</strong></span> <span class='ocrx_word' id='word_1_91' title='bbox 1133 1882 1152 1918; x_wconf 90' lang='lat'><strong>·.</strong></span> 
     </span>
     <span class='ocr_line' id='line_1_15' title="bbox 261 1935 1107 2028; baseline -0.001 -19"><span class='ocrx_word' id='word_1_92' title='bbox 261 1947 445 2009; x_wconf 89' lang='lat' dir='ltr'><strong>Nocturnus</strong></span> <span class='ocrx_word' id='word_1_93' title='bbox 469 1948 505 2009; x_wconf 91' lang='lat' dir='ltr'><strong>in</strong></span> <span class='ocrx_word' id='word_1_94' title='bbox 531 1965 586 2007; x_wconf 87' lang='lat' dir='ltr'><strong>vos</strong></span> <span class='ocrx_word' id='word_1_95' title='bbox 612 1935 741 2028; x_wconf 81' lang='lat' dir='ltr'><strong>sparsit,</strong></span> <span class='ocrx_word' id='word_1_96' title='bbox 783 1959 840 2006; x_wconf 87' lang='lat' dir='ltr'><strong>aut</strong></span> <span class='ocrx_word' id='word_1_97' title='bbox 865 1945 960 2008; x_wconf 82' lang='lat' dir='ltr'>fallax</span> <span class='ocrx_word' id='word_1_98' title='bbox 986 1945 1107 2012; x_wconf 86' lang='lat' dir='ltr'><strong>Sinon:</strong></span> 
     </span>
     <span class='ocr_line' id='line_1_16' title="bbox 261 2045 1182 2130; baseline 0.001 -18"><span class='ocrx_word' id='word_1_99' title='bbox 261 2051 356 2112; x_wconf 90' lang='lat' dir='ltr'><strong>Meus</strong></span> <span class='ocrx_word' id='word_1_100' title='bbox 382 2051 465 2130; x_wconf 82' lang='lat' dir='ltr'>ignia</span> <span class='ocrx_word' id='word_1_101' title='bbox 491 2047 552 2109; x_wconf 89' lang='lat' dir='ltr'><strong>iste</strong></span> <span class='ocrx_word' id='word_1_102' title='bbox 579 2063 642 2124; x_wconf 75' lang='lat' dir='ltr'><strong>esc,</strong></span> <span class='ocrx_word' id='word_1_103' title='bbox 682 2048 804 2110; x_wconf 82' lang='lat' dir='ltr'><strong>facibus&#39;</strong></span> <span class='ocrx_word' id='word_1_104' title='bbox 830 2047 946 2110; x_wconf 86' lang='lat' dir='ltr'><strong>ardetis</strong></span> <span class='ocrx_word' id='word_1_105' title='bbox 965 2051 1064 2113; x_wconf 73' lang='lat' dir='ltr'><strong>&#39;meis</strong></span> <span class='ocrx_word' id='word_1_106' title='bbox 1178 2045 1182 2054; x_wconf 87' lang='grc'>’</span> 
     </span>
     <span class='ocr_line' id='line_1_17' title="bbox 216 2145 966 2240; baseline -0.003 -26"><span class='ocrx_word' id='word_1_107' title='bbox 216 2235 217 2240; x_wconf 11' lang='lat'>¹</span> <span class='ocrx_word' id='word_1_108' title='bbox 260 2151 325 2214; x_wconf 86' lang='lat' dir='ltr'><strong>Sed</strong></span> <span class='ocrx_word' id='word_1_109' title='bbox 351 2151 429 2234; x_wconf 93' lang='lat' dir='ltr'><strong>quid</strong></span> <span class='ocrx_word' id='word_1_110' title='bbox 452 2152 561 2230; x_wconf 85' lang='lat' dir='ltr'><strong>ruinas</strong></span> <span class='ocrx_word' id='word_1_111' title='bbox 588 2145 675 2214; x_wconf 85' lang='lat' dir='ltr'><strong>urbis</strong></span> <span class='ocrx_word' id='word_1_112' title='bbox 703 2171 829 2212; x_wconf 82' lang='lat' dir='ltr'><strong>eversae</strong></span> <span class='ocrx_word' id='word_1_113' title='bbox 855 2153 966 2232; x_wconf 81' lang='lat' dir='ltr'>gemis,</span> 
     </span>
    </p>

    <p class='ocr_par' dir='ltr' id='par_1_9' title="bbox 259 2251 1015 2335">
     <span class='ocr_line' id='line_1_18' title="bbox 259 2251 1015 2335; baseline 0.003 -20"><span class='ocrx_word' id='word_1_114' title='bbox 259 2255 360 2317; x_wconf 83' lang='lat' dir='ltr'><strong>Vivar</strong></span> <span class='ocrx_word' id='word_1_115' title='bbox 385 2254 555 2315; x_wconf 84' lang='lat' dir='ltr'><strong>senectus?</strong></span> <span class='ocrx_word' id='word_1_116' title='bbox 590 2253 726 2335; x_wconf 78' lang='lat' dir='ltr'><strong>Respice</strong></span> <span class='ocrx_word' id='word_1_117' title='bbox 740 2253 866 2316; x_wconf 78' lang='lat' dir='ltr'><strong>&#39;infelix</strong></span> <span class='ocrx_word' id='word_1_118' title='bbox 890 2251 931 2316; x_wconf 83' lang='lat' dir='ltr'><strong>ed</strong></span> <span class='ocrx_word' id='word_1_119' title='bbox 956 2255 1015 2317; x_wconf 88' lang='lat' dir='ltr'><strong>hos</strong></span> 
     </span>
    </p>

    <p class='ocr_par' dir='ltr' id='par_1_10' title="bbox 153 2355 1171 2646">
     <span class='ocr_line' id='line_1_19' title="bbox 153 2355 1131 2442; baseline 0.007 -27"><span class='ocrx_word' id='word_1_120' title='bbox 153 2407 158 2415; x_wconf 86' lang='lat'>.</span> <span class='ocrx_word' id='word_1_121' title='bbox 188 2359 190 2364; x_wconf 86' lang='lat'>&#39;</span> <span class='ocrx_word' id='word_1_122' title='bbox 258 2357 382 2438; x_wconf 76' lang='lat' dir='ltr'><strong>Luctus</strong></span> <span class='ocrx_word' id='word_1_123' title='bbox 407 2371 568 2420; x_wconf 85' lang='lat' dir='ltr'><strong>recentes:</strong></span> <span class='ocrx_word' id='word_1_124' title='bbox 596 2355 695 2442; x_wconf 84' lang='lat' dir='ltr'><strong>Troje</strong></span> <span class='ocrx_word' id='word_1_125' title='bbox 720 2357 783 2434; x_wconf 88' lang='lat' dir='ltr'><strong>jam</strong></span> <span class='ocrx_word' id='word_1_126' title='bbox 810 2369 900 2418; x_wconf 87' lang='lat' dir='ltr'><strong>vetus</strong></span> <span class='ocrx_word' id='word_1_127' title='bbox 928 2371 974 2419; x_wconf 82' lang='lat' dir='ltr'><strong>ert</strong></span> <span class='ocrx_word' id='word_1_128' title='bbox 997 2359 1131 2424; x_wconf 87' lang='lat' dir='ltr'><strong>malum.</strong></span> 
     </span>
     <span class='ocr_line' id='line_1_20' title="bbox 258 2457 1171 2540; baseline 0.002 -20"><span class='ocrx_word' id='word_1_129' title='bbox 258 2459 335 2523; x_wconf 82' lang='lat' dir='ltr'><strong>Vidi</strong></span> <span class='ocrx_word' id='word_1_130' title='bbox 360 2461 574 2522; x_wconf 79' lang='lat' dir='ltr'><strong>execrandum</strong></span> <span class='ocrx_word' id='word_1_131' title='bbox 596 2459 706 2540; x_wconf 83' lang='lat' dir='ltr'><strong>regiae</strong></span> <span class='ocrx_word' id='word_1_132' title='bbox 736 2457 840 2520; x_wconf 87' lang='lat' dir='ltr'><strong>caedis</strong></span> <span class='ocrx_word' id='word_1_133' title='bbox 866 2461 966 2537; x_wconf 88' lang='lat' dir='ltr'><strong>nefas,</strong></span> <span class='ocrx_word' id='word_1_134' title='bbox 1169 2464 1171 2470; x_wconf 87' lang='grc'><strong>’</strong></span> 
     </span>
     <span class='ocr_line' id='line_1_21' title="bbox 172 2561 1020 2646; baseline -0.001 -19"><span class='ocrx_word' id='word_1_135' title='bbox 172 2591 184 2606; x_wconf 51' lang='grc'><em>“</em></span> <span class='ocrx_word' id='word_1_136' title='bbox 257 2563 408 2646; x_wconf 79' lang='lat' dir='ltr'><strong>ipsasque</strong></span> <span class='ocrx_word' id='word_1_137' title='bbox 435 2561 476 2624; x_wconf 85' lang='lat' dir='ltr'><strong>ad</strong></span> <span class='ocrx_word' id='word_1_138' title='bbox 500 2581 567 2626; x_wconf 83' lang='lat' dir='ltr'><strong>aras</strong></span> <span class='ocrx_word' id='word_1_139' title='bbox 592 2563 694 2639; x_wconf 87' lang='lat' dir='ltr'><strong>majus</strong></span> <span class='ocrx_word' id='word_1_140' title='bbox 719 2561 892 2624; x_wconf 86' lang='lat' dir='ltr'><strong>admissum</strong></span> <span class='ocrx_word' id='word_1_141' title='bbox 918 2563 1020 2626; x_wconf 88' lang='lat' dir='ltr'><strong>scelus</strong></span> 
     </span>
    </p>
   </div>
   <div class='ocr_carea' id='block_1_8' title="bbox 65 2653 1181 2745">
    <p class='ocr_par' dir='ltr' id='par_1_11' title="bbox 65 2653 1181 2745">
     <span class='ocr_line' id='line_1_22' title="bbox 65 2653 1181 2745; baseline 0 -15"><span class='ocrx_word' id='word_1_142' title='bbox 65 2662 67 2671; x_wconf 65' lang='grc'><em>’</em></span> <span class='ocrx_word' id='word_1_143' title='bbox 131 2713 132 2718; x_wconf 37' lang='lat'>1</span> <span class='ocrx_word' id='word_1_144' title='bbox 259 2667 378 2745; x_wconf 82' lang='lat' dir='ltr'><strong>Aiacis:</strong></span> <span class='ocrx_word' id='word_1_145' title='bbox 411 2667 507 2726; x_wconf 86' lang='lat' dir='ltr'><strong>armis</strong></span> <span class='ocrx_word' id='word_1_146' title='bbox 533 2683 607 2725; x_wconf 88' lang='lat' dir='ltr'><strong>cum</strong></span> <span class='ocrx_word' id='word_1_147' title='bbox 632 2665 740 2741; x_wconf 82' lang='lat' dir='ltr'><strong>ferox,</strong></span> <span class='ocrx_word' id='word_1_148' title='bbox 781 2666 877 2726; x_wconf 70' lang='lat' dir='ltr'><strong>saevi</strong></span> <span class='ocrx_word' id='word_1_149' title='bbox 901 2683 1001 2730; x_wconf 84' lang='lat' dir='ltr'><strong>manu</strong></span> <span class='ocrx_word' id='word_1_150' title='bbox 1076 2653 1080 2686; x_wconf 66' lang='lat'>³</span> <span class='ocrx_word' id='word_1_151' title='bbox 1177 2657 1181 2664; x_wconf 63' lang='grc'>’</span> 
     </span>
    </p>
   </div>
   <div class='ocr_carea' id='block_1_9' title="bbox 258 2761 1003 2942">
    <p class='ocr_par' dir='ltr' id='par_1_12' title="bbox 258 2761 1003 2942">
     <span class='ocr_line' id='line_1_23' title="bbox 259 2761 997 2850; baseline -0.003 -18"><span class='ocrx_word' id='word_1_152' title='bbox 259 2769 363 2832; x_wconf 71' lang='lat' dir='ltr'><strong>Comi</strong></span> <span class='ocrx_word' id='word_1_153' title='bbox 387 2761 557 2831; x_wconf 77' lang='lat' dir='ltr'><strong>reflectens</strong></span> <span class='ocrx_word' id='word_1_154' title='bbox 582 2769 710 2850; x_wconf 81' lang='lat' dir='ltr'><strong>regium</strong></span> <span class='ocrx_word' id='word_1_155' title='bbox 735 2769 821 2828; x_wconf 73' lang='lat' dir='ltr'><strong>torti</strong></span> <span class='ocrx_word' id='word_1_156' title='bbox 846 2783 951 2849; x_wconf 84' lang='lat' dir='ltr'><strong>caput,</strong></span> <span class='ocrx_word' id='word_1_157' title='bbox 994 2783 997 2791; x_wconf 83' lang='lat'>&#39;</span> 
     </span>
     <span class='ocr_line' id='line_1_24' title="bbox 258 2869 1003 2942; baseline -0.001 -8"><span class='ocrx_word' id='word_1_158' title='bbox 258 2873 334 2934; x_wconf 83' lang='lat' dir='ltr'><strong>Alto</strong></span> <span class='ocrx_word' id='word_1_159' title='bbox 359 2869 535 2933; x_wconf 79' lang='lat' dir='ltr'><strong>nefandum</strong></span> <span class='ocrx_word' id='word_1_160' title='bbox 561 2871 687 2934; x_wconf 82' lang='lat' dir='ltr'><strong>vulneri</strong></span> <span class='ocrx_word' id='word_1_161' title='bbox 713 2871 838 2932; x_wconf 82' lang='lat' dir='ltr'><strong>ferrum</strong></span> <span class='ocrx_word' id='word_1_162' title='bbox 864 2869 1003 2942; x_wconf 86' lang='lat' dir='ltr'><strong>abdidit;</strong></span> 
     </span>
    </p>
   </div>
   <div class='ocr_carea' id='block_1_10' title="bbox 135 2959 1229 3064">
    <p class='ocr_par' dir='ltr' id='par_1_13' title="bbox 135 2959 1229 3064">
     <span class='ocr_line' id='line_1_25' title="bbox 135 2959 1229 3064; baseline 0.005 -32"><span class='ocrx_word' id='word_1_163' title='bbox 135 2997 142 3006; x_wconf 51' lang='lat'>²</span> <span class='ocrx_word' id='word_1_164' title='bbox 258 2973 366 3055; x_wconf 89' lang='lat' dir='ltr'><strong>Quod·</strong></span> <span class='ocrx_word' id='word_1_165' title='bbox 379 2975 507 3056; x_wconf 87' lang='lat' dir='ltr'><strong>penitus</strong></span> <span class='ocrx_word' id='word_1_166' title='bbox 531 2985 640 3064; x_wconf 77' lang='lat' dir='ltr'><strong>actum</strong></span> <span class='ocrx_word' id='word_1_167' title='bbox 665 2991 740 3035; x_wconf 87' lang='lat' dir='ltr'><strong>cum</strong></span> <span class='ocrx_word' id='word_1_168' title='bbox 765 2975 936 3056; x_wconf 78' lang='lat' dir='ltr'><strong>recepisset</strong></span> <span class='ocrx_word' id='word_1_169' title='bbox 959 2973 1072 3050; x_wconf 78' lang='lat' dir='ltr'><strong>libens,</strong></span> <span class='ocrx_word' id='word_1_170' title='bbox 1121 2963 1125 2973; x_wconf 79' lang='grc'><strong>’</strong></span> <span class='ocrx_word' id='word_1_171' title='bbox 1156 2959 1177 3062; x_wconf 59' lang='grc' dir='ltr'><strong> </strong></span> <span class='ocrx_word' id='word_1_172' title='bbox 1215 2989 1229 3000; x_wconf 85' lang='grc'>”</span> 
     </span>
    </p>
   </div>
   <div class='ocr_carea' id='block_1_11' title="bbox 189 3073 1232 3468">
    <p class='ocr_par' dir='ltr' id='par_1_14' title="bbox 224 3073 1176 3264">
     <span class='ocr_line' id='line_1_26' title="bbox 256 3073 1176 3157; baseline -0.002 -18"><span class='ocrx_word' id='word_1_173' title='bbox 256 3077 348 3140; x_wconf 83' lang='lat' dir='ltr'><strong>Ensis</strong></span> <span class='ocrx_word' id='word_1_174' title='bbox 374 3077 469 3139; x_wconf 89' lang='lat' dir='ltr'><strong>senili</strong></span> <span class='ocrx_word' id='word_1_175' title='bbox 493 3078 593 3139; x_wconf 71' lang='lat' dir='ltr'><strong>siccus</strong></span> <span class='ocrx_word' id='word_1_176' title='bbox 629 3075 784 3157; x_wconf 84' lang='lat' dir='ltr'><strong>ejugulo</strong></span> <span class='ocrx_word' id='word_1_177' title='bbox 817 3076 910 3140; x_wconf 83' lang='lat' dir='ltr'><strong>redtt.</strong></span> <span class='ocrx_word' id='word_1_178' title='bbox 946 3139 948 3144; x_wconf 71' lang='grc'>,</span> <span class='ocrx_word' id='word_1_179' title='bbox 1078 3073 1105 3102; x_wconf 78' lang='grc'><strong>“’</strong></span> <span class='ocrx_word' id='word_1_180' title='bbox 1140 3090 1144 3099; x_wconf 79' lang='grc'><strong><em>’</em></strong></span> <span class='ocrx_word' id='word_1_181' title='bbox 1173 3089 1176 3100; x_wconf 91' lang='grc'><strong><em>·</em></strong></span> 
     </span>
     <span class='ocr_line' id='line_1_27' title="bbox 224 3171 1134 3264; baseline 0.003 -26"><span class='ocrx_word' id='word_1_182' title='bbox 224 3233 231 3238; x_wconf 93' lang='lat'>.</span> <span class='ocrx_word' id='word_1_183' title='bbox 256 3181 389 3244; x_wconf 76' lang='lat' dir='ltr'><strong>Placere</strong></span> <span class='ocrx_word' id='word_1_184' title='bbox 415 3199 514 3264; x_wconf 85' lang='lat' dir='ltr'><strong>quern</strong></span> <span class='ocrx_word' id='word_1_185' title='bbox 545 3201 614 3245; x_wconf 86' lang='lat' dir='ltr'><strong>non</strong></span> <span class='ocrx_word' id='word_1_186' title='bbox 638 3181 746 3262; x_wconf 87' lang='lat' dir='ltr'><strong>potuit</strong></span> <span class='ocrx_word' id='word_1_187' title='bbox 771 3197 790 3240; x_wconf 89' lang='lat' dir='ltr'>a</span> <span class='ocrx_word' id='word_1_188' title='bbox 815 3177 911 3256; x_wconf 83' lang='lat' dir='ltr'><strong>caede</strong></span> <span class='ocrx_word' id='word_1_189' title='bbox 938 3177 1036 3241; x_wconf 67' lang='lat' dir='ltr'><strong>efferi</strong></span> <span class='ocrx_word' id='word_1_190' title='bbox 1131 3171 1134 3181; x_wconf 74' lang='grc'><strong>’</strong></span> 
     </span>
    </p>

    <p class='ocr_par' dir='ltr' id='par_1_15' title="bbox 189 3281 1088 3364">
     <span class='ocr_line' id='line_1_28' title="bbox 189 3281 1088 3364; baseline -0.002 -19"><span class='ocrx_word' id='word_1_191' title='bbox 189 3293 192 3302; x_wconf 94' lang='grc'><strong>’</strong></span> <span class='ocrx_word' id='word_1_192' title='bbox 256 3283 405 3346; x_wconf 85' lang='lat' dir='ltr'><strong>Mortalis</strong></span> <span class='ocrx_word' id='word_1_193' title='bbox 431 3285 501 3344; x_wconf 89' lang='lat' dir='ltr'><strong>aevi</strong></span> <span class='ocrx_word' id='word_1_194' title='bbox 527 3281 707 3344; x_wconf 78' lang='lat' dir='ltr'><strong>cardinem‘</strong></span> <span class='ocrx_word' id='word_1_195' title='bbox 723 3295 904 3345; x_wconf 77' lang='lat' dir='ltr'><strong>extremum</strong></span> <span class='ocrx_word' id='word_1_196' title='bbox 928 3301 1088 3364; x_wconf 88' lang='lat' dir='ltr'><strong>premens,</strong></span> 
     </span>
    </p>

    <p class='ocr_par' dir='ltr' id='par_1_16' title="bbox 257 3383 1232 3468">
     <span class='ocr_line' id='line_1_29' title="bbox 257 3383 1232 3468; baseline 0 -20"><span class='ocrx_word' id='word_1_197' title='bbox 257 3387 436 3468; x_wconf 82' lang='lat' dir='ltr'><strong>superique</strong></span> <span class='ocrx_word' id='word_1_198' title='bbox 462 3397 558 3447; x_wconf 88' lang='lat' dir='ltr'><strong>testes</strong></span> <span class='ocrx_word' id='word_1_199' title='bbox 583 3383 729 3460; x_wconf 84' lang='lat' dir='ltr'><strong>sceleris,</strong></span> <span class='ocrx_word' id='word_1_200' title='bbox 767 3399 799 3446; x_wconf 89' lang='lat' dir='ltr'><strong>et</strong></span> <span class='ocrx_word' id='word_1_201' title='bbox 825 3383 988 3466; x_wconf 88' lang='lat' dir='ltr'><strong>quondam</strong></span> <span class='ocrx_word' id='word_1_202' title='bbox 1013 3403 1141 3448; x_wconf 88' lang='lat' dir='ltr'><strong>sacrum</strong></span> <span class='ocrx_word' id='word_1_203' title='bbox 1229 3453 1232 3462; x_wconf 59' lang='grc'><strong><em>,</em></strong></span> 
     </span>
    </p>
   </div>
   <div class='ocr_carea' id='block_1_12' title="bbox 167 3487 989 3571">
    <p class='ocr_par' dir='ltr' id='par_1_17' title="bbox 167 3487 989 3571">
     <span class='ocr_line' id='line_1_30' title="bbox 167 3487 989 3571; baseline -0.002 -20"><span class='ocrx_word' id='word_1_204' title='bbox 167 3521 168 3528; x_wconf 44' lang='lat'>1</span> <span class='ocrx_word' id='word_1_205' title='bbox 256 3489 362 3571; x_wconf 79' lang='lat' dir='ltr'><strong>Regni</strong></span> <span class='ocrx_word' id='word_1_206' title='bbox 386 3487 540 3568; x_wconf 79' lang='lat' dir='ltr'><strong>jacentis?</strong></span> <span class='ocrx_word' id='word_1_207' title='bbox 575 3487 636 3550; x_wconf 81' lang='lat' dir='ltr'><strong>ille</strong></span> <span class='ocrx_word' id='word_1_208' title='bbox 663 3501 711 3550; x_wconf 91' lang='lat' dir='ltr'><strong>tot</strong></span> <span class='ocrx_word' id='word_1_209' title='bbox 735 3507 851 3568; x_wconf 80' lang='lat' dir='ltr'><strong>regum</strong></span> <span class='ocrx_word' id='word_1_210' title='bbox 874 3507 989 3570; x_wconf 83' lang='lat' dir='ltr'><strong>parens</strong></span> 
     </span>
    </p>
   </div>
   <div class='ocr_carea' id='block_1_13' title="bbox 216 3587 1252 3981">
    <p class='ocr_par' dir='ltr' id='par_1_18' title="bbox 257 3587 1161 3674">
     <span class='ocr_line' id='line_1_31' title="bbox 257 3587 1161 3674; baseline -0.003 -21"><span class='ocrx_word' id='word_1_211' title='bbox 257 3591 353 3654; x_wconf 86' lang='lat' dir='ltr'><strong>Caret</strong></span> <span class='ocrx_word' id='word_1_212' title='bbox 378 3590 523 3674; x_wconf 86' lang='lat' dir='ltr'><strong>sepulcro</strong></span> <span class='ocrx_word' id='word_1_213' title='bbox 550 3589 714 3665; x_wconf 86' lang='lat' dir='ltr'><strong>Priamus,</strong></span> <span class='ocrx_word' id='word_1_214' title='bbox 751 3603 784 3651; x_wconf 87' lang='lat' dir='ltr'><strong>et</strong></span> <span class='ocrx_word' id='word_1_215' title='bbox 807 3587 940 3652; x_wconf 69' lang='lat' dir='ltr'><strong>flammi</strong></span> <span class='ocrx_word' id='word_1_216' title='bbox 965 3589 1089 3672; x_wconf 82' lang='lat' dir='ltr'><strong>indiget</strong></span> <span class='ocrx_word' id='word_1_217' title='bbox 1160 3603 1161 3610; x_wconf 53' lang='lat'>¹</span> 
     </span>
    </p>

    <p class='ocr_par' dir='ltr' id='par_1_19' title="bbox 216 3681 1252 3981">
     <span class='ocr_line' id='line_1_32' title="bbox 255 3681 1252 3774; baseline -0.007 -18"><span class='ocrx_word' id='word_1_218' title='bbox 255 3693 398 3756; x_wconf 78' lang='lat' dir='ltr'><strong>Ardente</strong></span> <span class='ocrx_word' id='word_1_219' title='bbox 423 3693 532 3772; x_wconf 88' lang='lat' dir='ltr'><strong>Troja.</strong></span> <span class='ocrx_word' id='word_1_220' title='bbox 584 3693 660 3756; x_wconf 92' lang='lat' dir='ltr'><strong>Non</strong></span> <span class='ocrx_word' id='word_1_221' title='bbox 684 3707 795 3774; x_wconf 80' lang='lat' dir='ltr'><strong>tamen</strong></span> <span class='ocrx_word' id='word_1_222' title='bbox 820 3691 951 3774; x_wconf 87' lang='lat' dir='ltr'><strong>Superis</strong></span> <span class='ocrx_word' id='word_1_223' title='bbox 984 3706 1031 3754; x_wconf 90' lang='lat' dir='ltr'><strong>sat</strong></span> <span class='ocrx_word' id='word_1_224' title='bbox 1065 3705 1126 3755; x_wconf 83' lang='lat' dir='ltr'><strong>ert:</strong></span> <span class='ocrx_word' id='word_1_225' title='bbox 1245 3681 1252 3688; x_wconf 83' lang='grc'><strong>’</strong></span> 
     </span>
     <span class='ocr_line' id='line_1_33' title="bbox 216 3778 1244 3877; baseline -0.003 -18"><span class='ocrx_word' id='word_1_226' title='bbox 216 3778 218 3786; x_wconf 39' lang='lat'><strong>¹</strong></span> <span class='ocrx_word' id='word_1_227' title='bbox 254 3795 452 3871; x_wconf 82' lang='lat' dir='ltr'><strong>Dominum,</strong></span> <span class='ocrx_word' id='word_1_228' title='bbox 481 3799 568 3859; x_wconf 88' lang='lat' dir='ltr'><strong>ecce!</strong></span> <span class='ocrx_word' id='word_1_229' title='bbox 605 3795 727 3858; x_wconf 86' lang='lat' dir='ltr'><strong>Priami</strong></span> <span class='ocrx_word' id='word_1_230' title='bbox 742 3791 876 3856; x_wconf 87' lang='lat' dir='ltr'><strong>nuribus</strong></span> <span class='ocrx_word' id='word_1_231' title='bbox 892 3807 925 3856; x_wconf 90' lang='lat' dir='ltr'><strong>et</strong></span> <span class='ocrx_word' id='word_1_232' title='bbox 938 3797 1040 3876; x_wconf 81' lang='lat' dir='ltr'><strong>gnatis</strong></span> <span class='ocrx_word' id='word_1_233' title='bbox 1054 3792 1164 3877; x_wconf 83' lang='lat' dir='ltr'><strong>legens</strong></span> <span class='ocrx_word' id='word_1_234' title='bbox 1237 3815 1244 3822; x_wconf 89' lang='lat'>·</span> 
     </span>
     <span class='ocr_line' id='line_1_34' title="bbox 256 3897 1062 3981; baseline 0 -21"><span class='ocrx_word' id='word_1_235' title='bbox 256 3899 397 3962; x_wconf 82' lang='lat' dir='ltr'><strong>Sortitur</strong></span> <span class='ocrx_word' id='word_1_236' title='bbox 420 3918 511 3961; x_wconf 87' lang='lat' dir='ltr'><strong>urna.</strong></span> <span class='ocrx_word' id='word_1_237' title='bbox 562 3897 684 3962; x_wconf 84' lang='lat' dir='ltr'><strong>Praeda</strong></span> <span class='ocrx_word' id='word_1_238' title='bbox 710 3917 807 3978; x_wconf 86' lang='lat' dir='ltr'><strong>quem</strong></span> <span class='ocrx_word' id='word_1_239' title='bbox 831 3897 902 3959; x_wconf 81' lang='lat' dir='ltr'><strong>vilis</strong></span> <span class='ocrx_word' id='word_1_240' title='bbox 928 3899 1062 3981; x_wconf 83' lang='lat' dir='ltr'><strong>sequar?</strong></span> 
     </span>
    </p>
   </div>
   <div class='ocr_carea' id='block_1_14' title="bbox 135 3999 969 4084">
    <p class='ocr_par' dir='ltr' id='par_1_20' title="bbox 135 3999 969 4084">
     <span class='ocr_line' id='line_1_35' title="bbox 135 3999 969 4084; baseline -0.012 -13"><span class='ocrx_word' id='word_1_241' title='bbox 135 4007 139 4018; x_wconf 70' lang='grc'><em>’</em></span> <span class='ocrx_word' id='word_1_242' title='bbox 253 4001 318 4066; x_wconf 84' lang='lat' dir='ltr'><strong>Hic</strong></span> <span class='ocrx_word' id='word_1_243' title='bbox 342 4001 491 4063; x_wconf 77' lang='lat' dir='ltr'><strong>Hectoris</strong></span> <span class='ocrx_word' id='word_1_244' title='bbox 517 4001 667 4082; x_wconf 83' lang='lat' dir='ltr'><strong>conjugia</strong></span> <span class='ocrx_word' id='word_1_245' title='bbox 690 3999 868 4084; x_wconf 80' lang='lat' dir='ltr'><strong>despondet</strong></span> <span class='ocrx_word' id='word_1_246' title='bbox 892 4001 969 4072; x_wconf 81' lang='lat' dir='ltr'><strong>sibi3</strong></span> 
     </span>
    </p>
   </div>
   <div class='ocr_carea' id='block_1_15' title="bbox 237 4101 1098 4302">
    <p class='ocr_par' dir='ltr' id='par_1_21' title="bbox 237 4101 1098 4302">
     <span class='ocr_line' id='line_1_36' title="bbox 253 4101 1098 4187; baseline -0.009 -16"><span class='ocrx_word' id='word_1_247' title='bbox 253 4101 318 4172; x_wconf 73' lang='lat' dir='ltr'><strong>,Hic</strong></span> <span class='ocrx_word' id='word_1_248' title='bbox 344 4115 434 4186; x_wconf 85' lang='lat' dir='ltr'><strong>optat</strong></span> <span class='ocrx_word' id='word_1_249' title='bbox 457 4101 577 4165; x_wconf 87' lang='lat' dir='ltr'><strong>Heleni</strong></span> <span class='ocrx_word' id='word_1_250' title='bbox 602 4105 790 4187; x_wconf 67' lang='lat' dir='ltr'><strong>conjugem</strong></span> <span class='ocrx_word' id='word_1_251' title='bbox 830 4103 885 4168; x_wconf 86' lang='lat' dir='ltr'><strong>hio</strong></span> <span class='ocrx_word' id='word_1_252' title='bbox 909 4101 1098 4172; x_wconf 79' lang='lat' dir='ltr'><strong>Antenoris;</strong></span> 
     </span>
     <span class='ocr_line' id='line_1_37' title="bbox 237 4228 765 4302; baseline -0.019 -12"><span class='ocrx_word' id='word_1_253' title='bbox 237 4286 242 4295; x_wconf 92' lang='grc'><em>,</em></span> <span class='ocrx_word' id='word_1_254' title='bbox 322 4231 365 4302; x_wconf 69' lang='grc'><strong>47.</strong></span> <span class='ocrx_word' id='word_1_255' title='bbox 382 4229 470 4286; x_wconf 65' lang='lat' dir='ltr'><strong>rorte</strong></span> <span class='ocrx_word' id='word_1_256' title='bbox 494 4229 574 4295; x_wconf 72' lang='lat' dir='ltr'><strong>comis</strong></span> <span class='ocrx_word' id='word_1_257' title='bbox 589 4228 675 4285; x_wconf 84' lang='lat' dir='ltr'><strong>tortis.</strong></span> <span class='ocrx_word' id='word_1_258' title='bbox 762 4279 765 4286; x_wconf 85' lang='grc'><em>,</em></span> 
     </span>
    </p>
   </div>
   <div class='ocr_carea' id='block_1_16' title="bbox 436 4553 450 4590">
    <p class='ocr_par' dir='ltr' id='par_1_22' title="bbox 436 4553 450 4590">
     <span class='ocr_line' id='line_1_38' title="bbox 436 4553 450 4590; baseline 0 0"><span class='ocrx_word' id='word_1_259' title='bbox 436 4553 450 4590; x_wconf 79' lang='grc' dir='ltr'><strong><em>Ι</em></strong></span> 
     </span>
    </p>
   </div>
   <div class='ocr_carea' id='block_1_17' title="bbox 0 0 1440 4942">
    <p class='ocr_par' dir='ltr' id='par_1_23' title="bbox 0 0 1440 4942">
     <span class='ocr_line' id='line_1_39' title="bbox 0 0 1440 4942; baseline 0 5"><span class='ocrx_word' id='word_1_260' title='bbox 0 0 1440 4942; x_wconf 95' lang='lat' dir='ltr'><strong> </strong></span> 
     </span>
    </p>
   </div>
  </div>
 </body>
</html>
