2790 4948
161 485 165 500 .
258 439 493 532 nuncnune
522 439 735 506 narrans.
789 391 957 509 11111.
1049 462 1118 526 133
1190 531 1195 541 Ι

80 633 219 715 ignave,
244 631 349 707 iners,
377 633 524 694 inermis!
565 633 617 694 En
643 645 767 694 nostros
794 653 908 694 manus

82 731 171 816 Quae
198 733 311 796 tendat
337 740 445 797 arcus!
483 737 550 817 Qui
577 735 667 798 sedet
691 735 794 819 pallor
821 735 931 818 genis?
1009 777 1015 791 .

78 841 195 900 Animo
223 838 307 898 faces
334 837 468 914 invade,
485 860 560 922 ,quo
588 839 723 901 Alciden
750 838 835 900 vides

77 941 178 1001 Vultu
205 943 323 1018 jacere!
358 943 482 1022 respice
508 963 673 1015 arsurum,
706 945 821 1008 miser!
990 955 1112 1024 ‘1725

75 1045 177 1106 Vocat
204 1049 295 1104 ecce!
332 1047 396 1123 jam
422 1066 476 1107 me
503 1049 647 1127 genitor,
677 1060 709 1106 et
734 1045 852 1132 pandit·
869 1043 970 1125 polos.

75 1148 198 1218 Venio,
226 1153 365 1228 pater!“
402 1148 583 1232 Vultusque
609 1169 676 1211 non
701 1148 788 1210 idem
814 1148 889 1208 fuit.

76 1251 252 1311 Tremente
277 1253 392 1332 pinum
419 1249 549 1313 dexteri
576 1251 743 1314 ardentem
766 1250 894 1334 impuli.
937 1285 941 1310 t

77 1355 244 1440 Refugit
234 1355 335 1432 ignis,
375 1365 403 1414 et
432 1355 633 1416 reluctantur
657 1356 753 1430 faces,

74 1457 115 1518 Et
139 1456 285 1517 membra
310 1459 430 1526 vitant;
463 1457 519 1521 sed
544 1439 750 1548 recedentem
775 1434 938 1518 Hercules
1016 1469 1110 1536 1730

73 1559 280 1640 Insequitur
271 1579 392 1640 ignem.
447 1561 644 1636 Caucasum,
671 1575 727 1622 aut
744 1560 904 1636 Pindum,
931 1571 987 1624 aut
1003 1558 1112 1620 Athon

72 1663 191 1723 Ardere
219 1658 342 1722 cre'das:
370 1663 478 1724 nullus
506 1667 648 1746 erumpit
673 1685 810 1734 aonus;‚

73 1767 212 1826 Tantum
240 1767 422 1846 ingemiscit
446 1769 539 1848 ignis.
595 1767 624 1826 O
651 1767 771 1827 durum
795 1767 899 1846 jecur!

72 1869 210 1952 Tpphon
237 1869 273 1928 in
299 1869 356 1929 illo
381 1871 500 1952 positus
525 1871 676 1932 immanis
702 1890 781 1950 rogo

74 1971 254 2032 Gemuisset
279 1971 367 2052 ipse,
403 1974 522 2054 quique
546 1973 732 2034 convulsam
756 1955 848 2060 'solo'
892 1953 896 1960 ⁵
1013 1950 1108 2054 1735

71 2075 228 2156 Imposuit
253 2073 398 2134 humeris
426 2075 525 2136 Ossan
551 2075 729 2138 Enceladus
763 2074 873 2144 ferox3

71 2179 113 2240 At
136 2177 191 2238 ille
217 2177 341 2239 medias
368 2179 454 2238 inter
485 2199 641 2258 exurgens
668 2157 768 2240 iaces*
939 2158 949 2168 ⁸

73 2259 250 2342 Semiustus
277 2300 312 2340 ac
330 2279 491 2355 laniatus,
532 2281 728 2366 intrepidus,
765 2279 899 2341 rubens:

74 2385 204 2462 ‚,Nunc,
236 2404 254 2444 o
281 2403 396 2466 parens
420 2383 601 2460 Herculea,
641 2387 686 2445 sic
711 2397 795 2448 stare
822 2383 862 2442 ad
887 2401 1005 2464 rogum
1056 2439 1059 2450 ,

73 2487 136 2564 Te,
163 2491 311 2561 mater,“
337 2487 461 2568 inquit,
498 2490 547 2560 „si
563 2483 661 2548 decet
668 2487 742 2548 fleti
759 2485 944 2548 Herculem.
957 2491 977 2520 “
1010 2500 1105 2566 1740

68 2591 154 2652 inter
179 2610 312 2680 vapores
346 2591 468 2674 positus
496 2604 527 2650 et
553 2589 704 2652 flammae
729 2591 846 2663 minas,

70 2694 245 2768 immotus,
271 2695 497 2768 inconcussus,
525 2695 561 2756 in
585 2707 739 2753 neutrum
763 2691 846 2752 latus

73 2799 226 2878 correpta
249 2811 403 2877 torquens
429 2796 590 2870 membra,
618 2790 822 2870 adhortatur,
850 2805 977 2866 monet,

71 2900 160 2960 Gerit
184 2899 307 2981 aliquid
332 2897 456 2960 a1·.dens
512 2897 671 2962 Omnibus
697 2899 818 2959 fortem
844 2895 965 2960 addidit
1083 2978 1088 2986 ¹

68 3005 222 3064 Animum
247 3004 417 3072 ministris;
458 3023 553 3062 urere
577 3000 743 3064 ardentem
769 3015 870 3082 putes.
1006 3013 1102 3081 1745

71 3106 181 3187 Stupet
197 3127 296 3167 omne
312 3105 454 3186 vulgum
471 3107 522 3167 vix
547 3105 674 3170 habent
692 3105 843 3169 flammae
869 3101 981 3164 iidem:

69 3209 148 3270 Tam
171 3207 297 3292 placida
322 3209 410 3270 irone
437 3222 499 3282 est,
527 3199 618 3272 tanta
641 3211 787 3288 majestas
815 3209 892 3268 viro.

48 3288 134 3378 ¹llec
158 3325 311 3396 properat
336 3313 404 3402 urie
434 3332 580 3394 ¹cumque
604 3314 669 3390 jam
696 3313 774 3374 forti
799 3311 910 3388 datum
987 3379 1006 3396 ῃ,

68 3415 147 3478 Leto
174 3417 250 3476 satis
275 3415 433 3496 pensavit:
467 3415 618 3496 igniferas
644 3415 753 3490 trabes,
853 3473 857 3482 .

67 3517 152 3580 Hinc
175 3517 253 3579 inde
277 3519 390 3592 traxit,
417 3519 555 3580 minima
570 3539 644 3600 quas
658 3519 789 3606 flamma
803 3499 947 3600 occupat,
1004 3533 1100 3600 1750

70 3621 229 3703 Totasque
254 3623 289 3682 in
314 3621 425 3704 ignem
451 3623 563 3696 vertit,
592 3635 624 3682 et
650 3623 713 3705 qui
736 3623 895 3706 plurimus
972 3697 976 3702 Ι
1064 3649 1094 3658 ·’

67 3723 247 3786 Exundat'
237 3727 337 3805 ignis,
364 3725 479 3806 recipit
503 3720 699 3807 intrepidus,
738 3727 840 3787 ferox.
907 3783 911 3794 ,

66 3825 158 3888 Nunc
185 3847 241 3888 ora
264 3827 404 3890 flammis
429 3827 543 3910 implet
569 3831 635 3906 (ast
659 3829 710 3890 illi
736 3848 883 3912 graves

67 3927 192 3993 Luxere
217 3915 374 4014 barba'e);
408 3933 545 4012 cumque
568 3933 634 4024 jam
660 3931 787 3992 tultum
812 3933 921 3992 minax

66 4031 273 4116 Adpeteret
256 4037 365 4116 agnis,
405 4033 586 4096 lamberent
611 4035 766 4096 flammae
786 4045 893 4116 caput.
961 4045 1098 4114 1755
1191 4093 1193 4098 ,

68 4133 145 4198 Non
153 4139 269 4222 pressit
282 4137 402 4202 ocules.
447 4137 520 4205 'Sed
532 4137 622 4220 vquid
646 4139 730 4204 hanc
751 4151 922 4202 moestam.
935 4139 1048 4201 intuor

133 4253 718 4338 ³752.Fort.tExundat,intueresipit'im.
736 4253 816 4332 ieros:¹
853 4247 859 4258 ⁹
912 4237 916 4266 ἱ
980 4293 985 4316 t
1019 4253 1024 4266 ¹
