2760 4954
155 429 161 446 ι
271 373 337 493 3(
458 436 461 446 ,
559 399 600 466 ι.
618 389 794 464 'aunam
820 361 1019 464 senecia

270 583 432 659 Pereunt?
467 593 538 655 Mel
553 607 645 663 sumt
672 593 808 654 crimine
828 603 861 653 et
874 591 970 676 culpa
988 595 1114 654 carent(
1134 593 1190 642 9-
1222 577 1226 584 ’

187 710 191 720 ‘
272 700 355 765 Sunt
380 678 585 778 innpcentes'.
621 697 742 782 feteam
785 709 818 756 et
844 696 943 756 frater
969 693 1041 756 luit.
1242 716 1309 782 925

240 802 243 812 '
272 801 379 882 Quid,
407 801 530 874 anime,
569 800 711 860 titubas?
745 818 801 860 ora
827 797 903 880 quid
928 798 1078 860 lacrimae
1101 801 1224 882 rigant,

270 907 467 984 variamque
490 899 593 995 nunc
603 903 702 964 huc
692 919 758 976 rra,
799 921 888 964 nunc
912 901 993 962 illuc
1018 921 1109 964 arnor
1157 909 1160 914 '

270 1005 424 1078 uiduus,
451 987 565 1094 anceps
593 1019 698 1066 aestus
724 1007 884 1067 incertam
908 1005 1012 1085 rapit?

272 1113 318 1172 Ut
343 1127 437 1172 saeva
461 1107 573 1189 rapidi
589 1108 675 1169 bella
700 1128 775 1168 curn
800 1109 891 1168 venti
916 1087 1074 1188 gerunt,¹

270 1215 432 1293 Utrinque
458 1211 574 1272 fluctus
599 1212 701 1271 maria
736 1209 894 1272 discordes
919 1225 1029 1306 agunt,
1242 1229 1311 1298 930

270 1317 483 1394 Dubiumque
506 1313 638 1395 pelagus
664 1313 782 1374 fervet=
816 1313 905 1375 haud
929 1301 1023 1378 aliter
1046 1333 1158 1376 meum

271 1421 340 1482 Cor
370 1417 555 1478 fluctuatur.
599 1415 660 1477 'Ira
692 1417 848 1498 pietatem
880 1417 981 1497 fugat,

172 1551 176 1564 ·
270 1523 555 1602 iramquepietas.
613 1519 854 1602 conspissari,
889 1517 997 1582 dolor!
1092 1527 1096 1548 ⁸

205 1643 208 1650 ·
270 1627 363 1697 Huc,
398 1643 468 1684 cara
493 1623 618 1705 proles,
644 1625 779 1686 unicum
805 1609 951 1685 adflictae
977 1621 1089 1700 tlemus

271 1727 442 1798 Solamen,
482 1727 547 1786 buc
573 1745 629 1787 vos
654 1727 753 1804 ferte,
782 1740 814 1788 et
837 1727 961 1789 inlusos
986 1727 1069 1790 milri
1125 1769 1127 1776 ,
1240 1749 1285 1812 93
1288 1747 1310 1812 5

247 1830 472 1908 -Conjungite
497 1824 598 1890 artus'!
633 1829 753 1891 habeat
776 1829 956 1892 incolumes
979 1833 1081 1912 patei,

270 1935 361 1997 Dum
389 1945 422 1994 et
446 1945 549 1994 mater
568 1925 705 1994 ¹hebeat!
733 1965 782 1994 -.·-
812 1933 913 2015 Urget
937 1933 1071 2002 exiliunt
1098 1949 1134 1997 ac
1161 1937 1251 2020 fuga.

270 2037 408 2114 lamiam
432 2055 507 2096 meo
534 2037 700 2116 rapientur
723 2037 823 2096 avulsi
849 2056 868 2095 e
892 2037 978 2098 sinu!

133 2208 143 2225 ⁴
272 2141 429 2213 Flentes„
450 2153 633 2218 gementes,
662 2139 802 2200 occulis?
828 2169 881 2184 -
906 2139 1043 2202 Pereunt
1067 2145 1170 2222 patri3

270 2239 404 2302 Periere
428 2239 543 2302 matri?
588 2241 708 2301 Rursus
733 2243 883 2302 increscit
906 2241 1010 2316 dolor,
1241 2238 1312 2330 9'40

272 2345 316 2408 Et
339 2345 445 2408 fervet
469 2342 592 2406 odium.
646 2345 777 2425 Repetit
801 2345 938 2406 invitam
963 2365 1095 2406 manum

141 2461 143 2464 ·
273 2443 415 2528 Antiqua
441 2447 591 2528 Erinnys.
629 2445 711 2520 lra,
739 2447 803 2528 qui
829 2445 935 2523 ducis,
961 2453 1091 2530 sequor!

140 2543 166 2560 “’
271 2549 410 2612 Utinam
435 2548 590 2631 superbae
615 2548 709 2610 turba
733 2549 920 2610 Tantalidos
944 2567 1019 2612 tneo

272 2653 400 2716 Exisset
424 2667 540 2726 uteru,·
568 2651 682 2734 bisque
706 2638 854 2734 septenos
879 2671 993 2737 parens

276 2756 398 2817 Gnatus
424 2756 590 2821 tulissem!
619 2753 750 2828 ¹Sterilis
775 2757 812 2817 in
836 2773 955 2837 poenas
981 2755 1040 2818 lui.
1241 2773 1310 2845 945

152 2901 156 2910 -
184 2894 192 2906 ι
274 2859 381 2920 Fratri
405 2859 552 2940 patrique
576 2857 664 2939 quod
688 2871 734 2919 sat
760 2871 823 2932 est,
862 2859 974 2940 peperi
998 2857 1088 2922 duos.

254 2961 428 3041 ·Quonam
455 2963 516 3020 ista
541 2961 646 3023 tendit
666 2961 763 3022 turba
788 2959 960 3022 Furiarum
986 2963 1173 3044 impotens?

276 3065 384 3144 Quem
410 3067 552 3144 quaerit,
578 3053 635 3124 but
659 3083 723 3144 que
748 3063 917 3124 flammeos
940 3065 1023 3124 ictus
1047 3067 1159 3148 parat?

177 3159 180 3166 ’
230 3161 232 3168 '
275 3165 369 3226 Aut'
368 3167 421 3226 cui
446 3179 594 3227 cruentas
619 3185 734 3248 agmen
759 3165 927 3228 infernum
952 3166 1035 3229 iaces

274 3264 440 3332 Intdtat?
477 3268 594 3348 lugens
620 3270 732 3350 anguis
758 3285 890 3331 excusse
915 3283 1008 3331 sonat
1243 3289 1313 3358 95⁰

276 3371 397 3432 Tortus
423 3371 562 3451 flagello.
616 3371 724 3452 Quem
755 3371 845 3434 trabe
869 3373 987 3434 infesti
1011 3349 1095 3456 petit

275 3475 451 3554 Megaera?
491 3475 579 3550 cujus
605 3475 719 3535 umbra
744 3473 891 3556 dispersis
916 3477 1005 3538 venit

274 3577 403 3638 Incerta
426 3565 600 3642 membris?
636 3577 748 3638 Frater
772 3583 834 3638 est!
855 3597 989 3660 ‹poenat
1013 3581 1105 3660 petit.

275 3679 451 3750 Dabimus,
479 3677 533 3739 sed
561 3684 686 3740 omnes!
721 3677 800 3760 Fige
825 3681 1000 3744 luminibus
1025 3683 1127 3744 faces!

275 3775 414 3842 Lenia!
427 3785 558 3862 perure!
594 3781 710 3842 Pectus
737 3802 796 3857 en,
822 3783 914 3845 furiis
937 3791 1043 3866 patet!
1070 3815 1122 3833 -·-
1243 3803 1311 3870 955

276 3881 452 3946 Discedere
478 3904 497 3944 a
521 3903 590 3959 me,
605 3885 736 3961 .,lrater
764 3886 893 3948 ultrices
918 3885 1003 3966 deas,

277 3987 455 4068 Manesque
481 3972 627 4055 adimes
652 3991 702 4049 ire
727 4006 853 4050 securas
878 3991 972 4067 jube:
1043 4041 1051 4058 ,

253 4151 256 4156 ,
278 4088 365 4151 Mihi
390 4109 444 4150 me
469 4089 635 4171 relinque,
671 4103 704 4150 et
728 4104 820 4152 utere
845 4093 922 4167 hic,
958 4093 1074 4171 frater,
1100 4113 1211 4176 matut,

234 4199 246 4278 s
347 4215 407 4288 948.
422 4213 514 4270 rona
532 4210 566 4288 Q.
579 4231 623 4287 9.,
640 4225 668 4270 et
681 4231 734 4285 quo
747 4233 882 4288 squameus
893 4217 972 4312 ip?
